2188 3535
339 164 394 197 90
1101 151 1174 185 No.
1212 160 1260 196 30
1712 149 1832 196 [1580
1860 149 1941 194 jan.
1979 161 2025 194 27

343 286 480 328 quam
516 272 759 314 monachos
793 269 1082 324 inexplebiles
1118 282 1212 310 esse
1247 273 1293 310 et
1329 266 1389 310 ad
1417 266 1767 310 mendicandum
1797 266 2022 309 effrontes.

342 343 396 384 In
427 356 617 389 summa,
667 340 791 382 varia
823 338 1148 394 impedimenta
1179 338 1396 381 sathanas
1437 338 1679 380 obiiciebat
1722 336 1827 379 huic
1866 341 2024 380 sancto

338 412 474 467 open'.
522 411 608 453 Sed
652 422 882 465 speramus
916 408 962 449 in
1003 408 1214 458 Domino,
1256 408 1380 464 quod
1418 422 1509 451 non
1549 407 1842 464 praevalebit.
1887 406 2024 450 Initio

340 482 545 537 princeps
573 494 628 521 ne
657 480 702 520 in
731 478 918 520 civitate
947 478 1132 534 quidem
1161 483 1339 522 nostros
1367 479 1574 521 habitare
1604 478 1830 534 cupiebat.
1863 476 1951 520 Sed
1977 476 2024 519 in

340 551 423 592 hac
455 549 653 598 abbatia,
687 561 803 604 quae
835 548 976 590 distat
1009 562 1036 591 a
1068 549 1348 605 Claudiopoli
1380 564 1519 605 prope
1551 549 1728 592 duobus
1760 547 2024 590 milliaribus
2055 557 2072 584 5

338 619 520 667 Italicis,
562 618 771 674 quamvis
815 618 1031 661 continuo
1071 620 1271 676 quodam
1311 620 1527 663 suburbio
1566 619 1629 661 illi
1668 619 1910 661 coniuncta
1949 618 2021 660 sit.

338 690 499 731 Postea
526 703 628 730 cum
656 688 924 744 intelligeret
954 691 1008 732 R.
1040 691 1088 733 P.
1119 691 1265 733 Tuam
1292 691 1527 746 collegium
1556 690 1637 732 tali
1663 690 1760 732 loco
1787 702 2023 745 nunquam

335 759 650 808 admissurum,
680 759 919 801 constituit
951 760 1135 816 quidem
1165 761 1340 804 scholas
1371 761 1620 810 aedificare,
1653 760 1732 802 sed
1763 759 1947 815 exiguas
1978 758 2023 800 in

333 843 437 870 area
458 829 740 880 monasterii;
762 829 841 885 qui
861 830 986 872 locus
1006 845 1109 873 cum
1130 837 1430 887 perangustus
1448 837 1564 874 esset
1585 837 1629 873 et
1648 831 1832 886 collegio
1851 836 2021 878 nostro,

331 899 370 941 si
384 899 515 942 isthic
531 904 646 942 esset
663 899 882 950 futurum,
899 915 1081 944 omnem
1097 902 1186 944 fere
1203 902 1577 945 commoditatem
1599 902 1787 958 eripere;
1811 901 2024 957 elegimus
2039 911 2072 937 ιο

331 983 434 1012 cum
463 969 711 1012 architecto
740 970 880 1014 alium
907 971 1056 1014 locum
1086 972 1286 1015 vicinum
1320 987 1401 1028 pro
1430 973 1605 1022 scholis,
1637 973 1683 1014 in
1711 987 1802 1029 quo
1833 972 2023 1014 domun-

333 1041 457 1082 culae
488 1045 642 1082 tamen
662 1040 836 1084 vicinae
859 1042 974 1085 duae
997 1049 1126 1085 erant
1149 1043 1421 1086 coemendae
1453 1049 1497 1086 et
1529 1044 1614 1086 hoc
1637 1049 1872 1099 praesente
1894 1047 2023 1098 patre

334 1111 598 1167 provinciali
646 1111 738 1154 iam
789 1112 880 1155 fere
917 1114 1179 1156 conclusum
1218 1114 1380 1157 fuerat.
1420 1115 1590 1157 Verum
1626 1119 1679 1156 ut
1717 1114 1825 1164 dixi,
1865 1113 2023 1156 statim

334 1187 436 1237 post
472 1181 716 1224 discessum
751 1183 845 1225 eius
880 1184 1032 1226 omnia
1067 1185 1255 1228 turbata
1289 1190 1409 1227 sunt.

448 1252 594 1294 Hodie
611 1252 765 1296 literas
782 1255 935 1310 accepi
952 1269 979 1297 a
997 1256 1045 1297 P.
1066 1255 1251 1305 Lelesio‚
1272 1256 1437 1312 quibus
1454 1255 1753 1312 significabat,
1772 1270 1818 1298 se
1836 1255 2023 1298 tandem
2038 1263 2072 1292 ¹5

330 1323 391 1365 ad
410 1323 656 1379 principem
676 1324 926 1367 admissum
946 1326 1082 1368 fuisse
1102 1331 1147 1368 et
1177 1341 1281 1369 cum
1314 1341 1366 1369 eo
1394 1327 1611 1369 nonnulla
1631 1327 1919 1376 collocutum,
1942 1340 2022 1370 nec

332 1399 485 1435 tamen
505 1393 571 1436 ita
592 1394 887 1445 familiariter,
911 1396 980 1438 uti
1001 1397 1190 1447 solebat,
1214 1411 1260 1440 se
1282 1397 1421 1440 etiam
1443 1397 1644 1454 quadam
1665 1397 1898 1440 occasione
1919 1411 2022 1440 cum

331 1464 404 1506 illo
444 1464 582 1519 egisse
621 1466 758 1521 paulo
798 1467 1012 1523 asperius.
1055 1468 1268 1510 Addebat
1309 1473 1354 1511 et
1394 1468 1508 1511 illud
1559 1469 1876 1511 cancellarium
1918 1482 2023 1511 cum

330 1535 576 1578 architecto
607 1541 711 1591 post
743 1537 838 1590 dies
869 1538 1043 1594 aliquot
1075 1539 1163 1581 huc
1195 1553 1289 1581 esse
1321 1544 1580 1589 venturum,
1618 1544 1670 1581 ut
1701 1539 1851 1582 locum
1882 1539 2021 1582 alium

328 1606 582 1648 scholarum
607 1606 788 1663 deligat,
815 1622 977 1664 nempe
1002 1609 1188 1652 domurn
1204 1610 1481 1652 monialium.
1510 1611 1673 1666 Itaque
1688 1610 1751 1652 rei
1765 1618 2070 1652 successum20

330 1676 582 1719 videbimus
626 1683 672 1720 et
717 1679 869 1721 omnia
914 1680 1253 1736 quamprimum
1306 1681 1552 1723 scribemus
1587 1681 1707 1736 patri
1739 1681 2018 1736 provinciali,

330 1747 406 1802 qui
425 1762 527 1790 cum
549 1762 650 1804 rege
673 1749 886 1792 Poloniae
907 1751 1067 1793 melius
1089 1751 1177 1793 ista
1199 1751 1414 1807 perficiet,
1438 1766 1581 1807 spero.
1607 1752 1726 1794 Nam
1741 1751 1788 1794 in
1804 1751 2019 1808 principe,

329 1823 380 1858 ut
412 1818 557 1868 video,
591 1833 752 1875 parum
784 1826 852 1863 est
883 1826 929 1863 et
961 1822 1229 1872 voluntatis,
1262 1827 1307 1864 et
1340 1822 1585 1865 facultatis.
1612 1824 1711 1865 Rex
1736 1827 1891 1865 autem
1922 1822 2019 1864 uni·

330 1889 591 1932 versitatem
630 1890 677 1932 in
716 1891 1046 1948 Transylvania
1085 1893 1251 1948 erigere
1291 1893 1475 1949 cogitat.
1519 1894 1645 1935 Haec
1686 1895 1740 1936 R.
1783 1893 1831 1936 P.
1873 1893 2019 1936 Tuam

329 1959 438 2001 scire
465 1960 587 2002 volui
611 1966 657 2003 et
683 1961 743 2004 ad
770 1964 823 2005 R.
849 1963 896 2005 P.
923 1963 1252 2006 Provincialem
1279 1964 1333 2006 de
1359 1964 1528 2006 eisdem
1553 1964 1710 2020 scripsi
1734 1963 1917 2006 uberius
1942 1972 2068 2019 per25

331 2029 529 2073 diversas
562 2031 671 2074 vias.
708 2033 775 2075 De
808 2033 980 2090 reliquo
1014 2035 1126 2076 bene
1155 2034 1227 2077 hic
1247 2035 1464 2084 valemus,
1499 2049 1579 2090 per
1611 2034 1777 2077 Christi
1808 2035 2015 2090 gratiam.

330 2100 495 2143 Vinum
524 2116 580 2144 ex
608 2103 774 2145 nostris
802 2105 1100 2159 proventibus
1128 2110 1174 2147 et
1204 2105 1407 2148 triticum
1436 2106 1662 2149 sufficeret
1691 2106 1805 2148 bene
1833 2105 2018 2161 collegio

331 2183 384 2223 30
425 2186 730 2227 personarum,
773 2175 853 2217 sed
893 2189 1052 2218 census
1073 2180 1180 2218 sunt
1215 2176 1347 2219 valde
1382 2176 1545 2232 exigui,
1582 2182 1633 2220 ut
1678 2177 1792 2220 nihil
1835 2178 1925 2220 fere
1959 2178 2016 2220 sit

328 2244 555 2296 pecuniae,
600 2246 720 2288 unde
753 2247 906 2301 panni,
952 2247 1068 2296 libri,
1099 2247 1332 2302 suppellex
1354 2247 1537 2298 viatica,
1560 2252 1644 2290 etc.
1683 2252 2014 2303 comparentur.

443 2313 596 2356 Etiam
638 2330 803 2371 magna
845 2322 913 2359 est
956 2317 1313 2373 Transylvaniae
1355 2332 1459 2360 cum
1502 2332 1529 2360 a
1572 2318 1802 2367 Cracovia,
1847 2323 1948 2360 tum
1990 2326 2066 2360 a30

329 2382 515 2434 Vienna,
531 2385 650 2428 unde
666 2392 914 2444 posteaque
937 2388 1089 2430 omnia
1112 2388 1310 2444 petenda
1332 2394 1454 2438 sunt,
1479 2388 1711 2431 distantia.
1740 2390 1839 2431 Rex
1862 2394 2016 2432 tamen

329 2452 624 2506 pollicebatur
659 2462 749 2500 tres
785 2458 896 2500 alias
932 2459 1062 2501 villas
1097 2459 1157 2501 ab
1192 2460 1276 2501 hac
1312 2460 1501 2502 abbatia
1536 2474 1680 2515 nuper
1714 2459 1935 2502 alienatas
1970 2473 2016 2502 se

331 2522 680 2579 redempturum.
708 2529 888 2571 Parmos
912 2530 1119 2585 princeps
1143 2530 1203 2572 ad
1226 2530 1484 2573 vestiendos
1508 2536 1686 2573 nostros
1710 2535 1817 2573 ante
1841 2530 2014 2586 aliquot

331 2606 503 2635 menses
538 2596 701 2639 advehi
737 2599 941 2649 iusserat,
984 2600 1063 2642 sed
1098 2600 1302 2643 nondum
1338 2606 1615 2657 comparent.
1669 2601 1761 2643 Nec
1797 2600 1888 2643 iam
1925 2601 2015 2643 fere

331 2662 573 2718 quicquam
597 2680 624 2708 a
648 2669 846 2725 principe
871 2675 1023 2726 petere
1045 2671 1278 2713 audemus.
1307 2672 1374 2714 De
1389 2672 1516 2714 lectis
1531 2677 1764 2727 utcunque
1782 2672 2063 2726 provisum35

327 2731 420 2774 iam
453 2740 534 2783 est,
568 2735 702 2779 libros
735 2740 873 2783 etiam
906 2755 1116 2784 curamus
1149 2747 1250 2784 tum
1282 2742 1512 2792 Cracovia,
1535 2747 1634 2783 tum
1667 2756 1723 2784 ex
1756 2742 2011 2785 Germania.

331 2802 546 2845 Miramur
572 2808 682 2861 quid
707 2823 867 2853 causae
894 2812 966 2861 sit,
1009 2812 1133 2868 quod
1160 2813 1207 2854 P.
1239 2812 1497 2867 Stephanus
1523 2826 1626 2854 cum
1653 2812 1783 2854 sociis
1810 2813 2014 2855 nondum

330 2872 389 2914 ad
417 2887 497 2915 nos
525 2879 789 2929 pervenerit,
831 2896 994 2937 magno
1022 2897 1129 2925 sane
1156 2882 1411 2925 animarum
1438 2882 1738 2925 incommodo.
1790 2883 1908 2925 Nam
1935 2883 2013 2940 qui

329 2942 399 2984 hic
432 2958 487 2985 ex
519 2946 682 2988 nostris
713 2951 1048 3003 concionantur,
1083 2958 1189 2995 sunt
1221 2952 1382 2995 novitii
1413 2953 1476 2995 illi
1508 2953 1597 2995 duo
1629 2953 1762 2995 rudes
1792 2958 1837 2995 et
1869 2953 2012 3009 ignari

325 3018 374 3055 et
397 3019 549 3056 tamen
569 3016 817 3061 audiuntur
835 3035 843 3070 ;
865 3023 974 3077 quid
993 3024 1134 3073 fieret,
1156 3023 1193 3065 si
1212 3023 1422 3066 adessent
1441 3023 1504 3065 illi
1525 3023 1728 3066 veterani
1745 3024 1761 3066 ?
1798 3024 2009 3074 Obsecro,
2026 3033 2060 3060 40

329 3077 409 3126 Rde
434 3085 581 3135 Pater,
621 3089 860 3143 compellat
886 3106 960 3134 eos
985 3094 1323 3150 quamprimum
1359 3095 1412 3137 R.
1441 3094 1538 3136 Tua
1563 3099 1608 3137 et
1634 3094 1744 3136 alios
1770 3095 2012 3150 Hungaros
