2188 3535
315 221 361 255 33
1071 212 1146 246 No.
1183 222 1232 258 30
1686 212 1805 258 [1580
1832 211 1914 256 jan.
1950 224 1996 258 27

302 338 361 380 ad
401 350 472 379 me
504 335 550 377 in
586 333 831 377 Poloniam.
869 332 1047 373 Puncta
1080 334 1234 372 autern
1269 329 1554 386 excipiantur
1587 343 1642 372 ex
1675 329 1753 373 illa
1772 329 1997 373 'informa-

301 408 430 450 tione
470 420 524 448 ex
566 405 687 447 Urbe
726 401 873 449 missa,
916 400 1100 456 quando
1140 413 1293 442 annua
1332 399 1593 443 informatio
1633 405 1701 442 est
1741 400 1788 442 in
1827 401 1997 444 Urbem

303 476 544 521 mittenda.

434 558 500 588 21.
535 545 670 586 Curet
712 540 982 596 tempestive
1023 540 1110 583 emi
1151 555 1261 583 vasa
1302 542 1361 584 ad
1401 541 1712 597 reponendum
1753 541 1911 584 vinum
1951 546 1996 584 et

302 630 419 673 quae
453 615 511 657 ad
544 613 656 655 alios
690 615 898 667 spectant
931 611 1137 655 restitui:
1173 626 1228 654 ne
1251 611 1530 654 reducamini
1564 612 1623 654 ad
1656 625 1732 654 eas
1765 612 1997 668 angustias
2027 620 2045 648 5

301 689 486 742 propter
522 696 736 725 vasorum
774 681 1015 731 defectum,
1055 681 1101 724 in
1139 696 1252 738 quas
1288 683 1424 725 eratis
1461 684 1549 725 hoc
1587 696 1721 731 anno,
1761 696 1865 725 cum
1902 682 1997 725 vini

301 770 391 798 non
427 768 568 810 parvo
610 752 884 795 detrimento
921 766 976 795 ex
1013 752 1236 809 corruptis
1272 753 1391 796 vasis
1427 753 1774 796 accommodato
1810 757 1997 810 urgente

300 824 631 868 vindemiarum
666 825 936 867 necessitate
968 824 1179 879 acceptis.
1216 825 1371 867 Etiam
1403 824 1657 867 curandum
1689 828 1770 873 est,
1800 828 1852 866 ut
1880 823 1996 866 deci-

301 895 455 939 mandi
496 899 702 950 tempore
739 893 1024 936 fidelissimus
1051 893 1213 950 aliquis
1241 894 1503 950 reperiatur,
1539 894 1610 936 cui
1642 898 1882 950 tamquam
1913 893 1998 936 sibi

300 966 383 1022 ipsi
405 965 559 1008 credat
577 979 584 1007 :
613 965 672 1008 ad
690 964 902 1007 vitandas
924 964 1118 1014 fraudes
1139 979 1253 1021 quas
1274 966 1495 1008 hactenus
1513 979 1619 1007 cum
1640 979 1805 1020 magna
1823 964 1998 1008 iactura
2014 973 2050 1000 1⁰

299 1037 363 1079 rei
383 1036 658 1079 domesticae
678 1035 939 1078 commissas
958 1049 1052 1077 esse
1072 1034 1249 1077 scimus.

430 1119 498 1150 22.
533 1108 750 1149 Procuret
774 1106 1010 1162 diligenter
1030 1105 1214 1148 ineunte
1237 1120 1340 1148 vere
1363 1110 1515 1149 totum
1537 1106 1651 1148 illud
1672 1105 1998 1149 monasterium

300 1177 466 1221 nostris
494 1177 718 1220 traditum
747 1177 793 1219 in
822 1176 1022 1226 civitate,
1054 1176 1184 1219 novis
1213 1176 1374 1232 tegulis
1403 1177 1520 1233 tegi:
1552 1191 1608 1219 ne
1632 1191 1748 1234 quae
1770 1178 1855 1219 sub
1877 1181 1999 1220 tecto

301 1253 407 1291 sunt
431 1248 563 1304 ligna,
583 1248 843 1304 reliquaque
867 1248 1020 1290 omnia
1044 1252 1392 1303 corrumpantur
1410 1262 1420 1299 ;
1447 1252 1646 1304 agatque
1670 1262 1723 1290 ea
1747 1248 1801 1290 de
1825 1262 1871 1290 re
1895 1261 1999 1290 cum

303 1319 516 1375 principe,
546 1333 628 1375 per
653 1319 805 1361 literas
831 1319 902 1361 vel
929 1333 1094 1361 coram.
1126 1319 1170 1360 Is
1197 1318 1317 1361 enim
1344 1319 1490 1361 solum
1518 1318 1682 1361 scholis
1708 1318 1999 1361 aedificandis
2015 1325 2051 1354 15

302 1389 483 1432 videtur
517 1404 613 1432 esse
648 1389 863 1432 intentus.
902 1390 961 1431 Et
998 1394 1153 1432 tamen
1188 1389 1333 1445 primo
1368 1389 1575 1432 omnium
1611 1389 1848 1446 collegium
1882 1394 1998 1432 esset

303 1460 445 1510 nobis,
479 1460 726 1516 usibusque
758 1465 1015 1503 nostrorum
1047 1460 1499 1503 accommodandum.

431 1543 498 1584 23.
534 1532 589 1573 In
637 1531 762 1573 festis
808 1531 1073 1587 praecipuis,
1123 1531 1387 1586 praesertim
1434 1531 1725 1587 paschalibus
1772 1535 1898 1573 curet
1946 1531 1994 1573 Ρ.

303 1602 632 1644 Odescalchum
672 1602 794 1644 mitti
825 1602 990 1644 Albam
1021 1601 1191 1656 Juliam
1236 1602 1295 1644 ad
1339 1601 1589 1644 audiendas
1636 1602 1873 1651 Italorum,
1921 1601 1998 1657 qui

302 1672 389 1714 illic
419 1677 539 1723 sunt,
565 1672 877 1722 confessiones,
912 1672 990 1715 ubi
1024 1672 1191 1728 poterit
1225 1672 1319 1714 eius
1352 1687 1487 1728 opera
1523 1672 1669 1715 multo
1701 1672 1856 1715 utilior
1888 1679 2050 1721 esse‚2⁰

303 1757 442 1799 quam
477 1743 769 1799 Claudiopoli.

432 1846 664 1899 Hdtlapja'n
685 1861 698 1886 .·
732 1847 961 1887 Instructio
991 1847 1136 1887 relicta
1168 1848 1212 1887 P.
1247 1848 1407 1898 Jacobo
1439 1847 1766 1898 Vangrovicensi
1797 1859 1873 1899 pro
1903 1846 2000 1886 resi-

304 1918 449 1958 dentia
481 1918 824 1970 Transylvanica‚

706 2008 895 2050 (Eredeti‚
925 2019 948 2043 a
977 2009 1271 2054 Jezsuita-rend
1299 2008 1604 2051 leveltaraban.)

1123 2176 1194 2218 30.
2014 2185 2051 2214 25

697 2277 1085 2326 Kolozsmonostor,
1120 2279 1235 2331 1580
1264 2278 1502 2333 januarius
1533 2289 1602 2332 27.

412 2379 456 2417 P.
480 2378 633 2429 Wujek
654 2378 795 2429 Jakab
818 2379 863 2418 P.
886 2379 1120 2418 Mercurian
1143 2379 1362 2418 Eberhard
1382 2377 1889 2430 jezsuita-generalisnak.

432 2473 465 2511 A
495 2472 690 2524 jezsuitcik
715 2473 893 2523 helyzete.
919 2472 946 2512 I
947 2473 1146 2524 skoldjuk.
1176 2473 1417 2525 Tanrendje.
1444 2474 1478 2512 A
1507 2473 1710 2524 jejedelem
1734 2473 1999 2523 ta'mogatcisa,

308 2531 417 2581 majd
437 2532 620 2583 lzaragja,
643 2532 884 2583 mindenseile
903 2533 1098 2583 selreerte's
1118 2533 1245 2572 miatt.
1268 2534 1449 2572 Kevesen
1469 2533 1592 2580 Ζὲυὲη,
1614 2533 1661 2584 227'
1680 2532 1855 2584 tagokat‚
1877 2532 2001 2570 kiva‘lt

309 2591 567 2640 magyarokat
589 2592 667 2630 ker.
692 2614 745 2619 —
771 2593 805 2631 A
833 2592 1182 2631 kolozsmonostori
1203 2593 1332 2632 iskola
1355 2591 1527 2632 thbzisei.
2013 2598 2051 2626 30

424 2687 682 2731 Admodum
716 2683 795 2732 Rde
825 2690 871 2732 in
904 2690 1082 2733 Christo
1115 2690 1263 2732 Pater.
1300 2691 1396 2732 Pax
1429 2689 1595 2732 Christi
1627 2693 1711 2731 etc.

425 2757 588 2813 Scripsi
608 2760 768 2802 ultimo
791 2762 844 2803 R.
870 2762 918 2803 P.
941 2761 1064 2803 Tuae
1085 2772 1160 2816 7-a
1177 2760 1450 2803 Decembris.
1464 2762 1479 2790 1
1499 2761 1630 2802 Nunc
1650 2764 1702 2801 ut
1724 2758 1999 2801 ordinationi

165 2836 248 2862 Decz.
272 2841 296 2866 7.
309 2826 591 2870 obedientiae
611 2843 761 2873 sacrae
784 2831 838 2873 de
858 2831 994 2874 modo
1013 2836 1058 2873 et
1079 2836 1282 2887 tempore
1302 2830 1525 2873 scribendi
1545 2829 1836 2879 satisfaciam,
1857 2829 1998 2871 literis

310 2898 618 2940 consultorum
648 2901 780 2943 hasce
811 2916 934 2944 meas
964 2902 1275 2957 adiungendas
1305 2901 1473 2943 curavi.
1508 2901 1672 2943 Sumus
1702 2900 1748 2942 in
1778 2900 1864 2942 hac
1894 2898 1998 2942 resi-

311 2967 465 3010 dentia
496 2968 863 3025 Transylvanica‚
907 2972 953 3014 in
995 2972 1183 3015 abbatia
1219 2970 1649 3014 Colosmonostrensi
1690 2970 1750 3013 ad
1792 2969 2050 3013 Claudio-35

311 3038 449 3093 polim
485 3052 671 3081 numero
710 3053 761 3094 13
798 3042 852 3084 de
890 3043 1128 3092 Societate,
1167 3042 1422 3084 sacerdotes
1458 3047 1549 3084 tres
1585 3041 1789 3084 veterani
1825 3044 1871 3083 et
1907 3039 1998 3082 duo

441 3174 453 3194 ¹
482 3175 525 3208 P.
548 3174 692 3219 Wujck
712 3186 731 3209 c
752 3177 894 3211 levelct
915 3189 1004 3212 nem
1025 3178 1228 3223 ismerjiik.
