2188 3535
106 212 200 256 1583
234 219 326 243 nov.
362 188 401 253 8]
873 213 946 246 No.
975 223 1025 258 99
1719 223 1790 258 307

918 328 988 368 99.

628 419 792 468 Brzes'c',
827 423 940 476 1583
970 423 1188 465 november
1218 424 1258 466 8.

101 525 293 576 Bathory
308 524 457 563 Istvan
479 522 617 575 kiraly
634 524 679 562 Ρ.
697 524 900 576 Campani
915 526 953 576 J.
971 527 1044 566 Pal
1061 526 1383 578 lengyelorszagi
1401 527 1790 578 provinczialisnak.

229 618 421 670 Erdcilybe
439 618 632 658 induldsa
653 618 893 659 alkalmdbffl
911 622 1173 661 utasita‘sokat
1193 623 1245 661 ad
1263 622 1370 669 nelei,
1390 623 1492 674 hogy
1511 622 1644 673 mifble
1659 623 1792 673 sontos

53 689 70 716 5
100 678 290 730 dolgokra
325 679 542 729 vigya‘zzon
568 691 591 717 a
617 678 837 717 kolozsva'rz·
872 680 1277 732 jezsuita-kollegium
1312 682 1630 732 ajraszervezeise,
1667 681 1794 720 illetve

98 737 311 789 sejlesztbse
345 737 502 776 kozben.

230 822 487 878 Stephanus
503 821 587 864 Dei
603 821 750 877 gratia
766 836 843 864 rex
860 823 1070 865 Poloniae
1087 828 1169 866 ete.
1196 824 1406 880 Princeps
1420 825 1788 881 Transylvaniae.

227 892 505 936 Venerabilis
536 892 702 935 devote
735 892 865 935 nobis
896 893 1068 936 dilecte.

229 963 619 1006 Existimabamus
669 963 777 1012 fore,
830 964 953 1019 quod
1001 969 1045 1006 et
1095 969 1389 1020 optassemus,
1440 970 1491 1007 ut
1540 970 1788 1021 antequam

53 1049 88 1077 10
101 1034 147 1077 in
172 1034 551 1090 Transylvaniam
579 1048 625 1076 se
653 1048 699 1076 se
727 1034 964 1083 conferret,
993 1049 1075 1077 nos
1102 1036 1363 1078 Dominatio
1389 1037 1487 1078 Tua
1513 1035 1786 1078 conveniret.

101 1106 233 1148 Nunc
256 1109 411 1148 autem
435 1119 539 1147 cum
562 1105 654 1147 iam
679 1105 766 1147 iter
788 1104 892 1147 illuc
915 1105 1097 1155 habeat,
1122 1120 1203 1148 nec
1227 1107 1349 1162 apud
1371 1120 1452 1148 nos
1475 1106 1690 1148 adfutura
1715 1106 1789 1154 sit,

99 1176 220 1219 hisce
239 1175 380 1218 literis
400 1176 567 1218 nostris
588 1176 643 1218 de
663 1176 797 1218 rebus
817 1175 1090 1232 quibusdam
1124 1178 1259 1218 Donem
1291 1178 1435 1219 Tuam
1455 1176 1790 1218 admonendum

100 1247 326 1289 duximus.
359 1248 563 1303 Quorum
586 1247 786 1303 primum
810 1251 891 1296 est,
918 1246 963 1289 in
987 1261 1076 1302 quo
1099 1248 1270 1289 multus
1293 1247 1479 1296 fructus,
1505 1247 1790 1302 multumque

99 1318 159 1360 ad
200 1318 559 1374 promovendam
603 1317 876 1360 catholicam
919 1317 1176 1373 religionem
1218 1317 1437 1360 momenti
1479 1317 1608 1366 inest,
1652 1321 1703 1358 ut
1745 1316 1791 1358 in

53 1405 87 1432 15
99 1403 219 1431 novo
251 1388 327 1431 illo
360 1394 516 1431 nostro
550 1388 738 1444 collegio
773 1387 1164 1444 Claudiopolitano
1198 1388 1342 1444 primo
1376 1402 1556 1444 quoque
1589 1392 1791 1442 tempore

100 1459 433 1516 philosophicas
459 1464 505 1502 et
531 1459 807 1515 theologicas
833 1459 1155 1515 praelectiones
1193 1459 1370 1501 institui
1410 1457 1671 1501 Dominatio
1696 1458 1794 1499 Tua

100 1535 238 1580 curet,
278 1545 522 1587 earumque
559 1530 839 1573 facultatum
876 1530 989 1572 tales
1026 1530 1295 1586 professores
1331 1529 1511 1585 deligat,
1549 1528 1626 1584 qui
1662 1527 1791 1570 initia

99 1601 299 1657 ipsarum
346 1601 688 1657 disciplinarum
735 1606 780 1643 et
828 1601 1128 1643 fundamenta
1173 1601 1330 1643 dextre
1377 1600 1581 1642 doceant.
1631 1600 1695 1642 Ut
1741 1612 1792 1640 eo

100 1672 236 1715 modo
263 1672 340 1722 illi,
371 1672 449 1728 qui
476 1672 588 1715 scire
617 1672 791 1728 aliquid
818 1672 903 1714 sibi
931 1672 1157 1721 videntur,
1188 1686 1291 1714 cum
1318 1671 1407 1713 ista
1433 1670 1575 1726 perite
1603 1674 1648 1712 et
1676 1683 1793 1711 com-

51 1759 86 1786 20
101 1743 234 1785 mode
269 1743 316 1785 in
351 1743 536 1799 collegio
572 1743 762 1786 tractari
798 1742 1204 1785 animadverterint
1240 1747 1285 1785 et
1321 1742 1381 1784 ad
1415 1756 1468 1784 ea
1502 1739 1795 1797 perdiscenda

102 1813 299 1869 penitius
337 1819 382 1856 et
421 1814 481 1856 ad
518 1814 780 1870 religionem
819 1813 1091 1856 catholicam
1129 1813 1484 1869 cognoscendam
1522 1811 1794 1866 amplecten-

103 1885 299 1941 damque
326 1884 596 1927 alliciantur.
627 1885 835 1927 Alterum
863 1889 945 1934 est,
975 1884 1021 1927 in
1049 1899 1139 1940 quo
1166 1884 1328 1927 modus
1354 1896 1622 1938 magnopere
1650 1879 1794 1936 requi-

102 1955 228 1998 ritur.
262 1955 486 1998 Audimus
517 1955 733 1998 nimirum
765 1956 934 1998 ibidem
965 1956 1024 1998 ab
1054 1955 1153 2005 illis,
1186 1954 1263 2011 qui
1294 1954 1340 1996 in
1370 1952 1658 1996 seminarium
1689 1950 1795 1993 reci-

102 2026 302 2082 piuntur,
327 2026 460 2068 nimis
482 2026 623 2082 rigide
653 2027 904 2069 catholicae
933 2026 1157 2082 religionis
1186 2025 1507 2082 professionem
1537 2028 1581 2066 et
1611 2020 1793 2064 ineundi

55 2113 90 2140 25
103 2097 340 2139 Societatis
359 2097 560 2139 instituti
579 2097 896 2140 iusiurandum
915 2097 1110 2153 exposci,
1131 2111 1221 2153 quo
1240 2097 1305 2145 fit,
1326 2100 1378 2137 ut
1397 2093 1529 2150 pauci
1547 2092 1794 2136 admodum

101 2168 321 2210 hactenus
353 2168 539 2211 nomina
572 2168 797 2218 dederint,
832 2168 898 2211 ita
930 2173 983 2210 ut
1017 2167 1274 2223 sumptibus
1307 2166 1366 2208 ad
1398 2179 1497 2207 eam
1530 2178 1623 2205 rem
1657 2161 1791 2204 desti-

101 2238 222 2281 natis
256 2253 486 2295 personae,
525 2253 642 2295 quae
680 2239 726 2281 in
762 2239 1002 2282 seminario
1038 2243 1157 2289 sunt,
1182 2237 1365 2280 minime
1401 2233 1790 2289 correspondeant.

103 2309 158 2351 Id
189 2309 373 2365 quidem
405 2324 487 2352 nos
519 2325 612 2353 non
645 2310 971 2366 improbamus,
1006 2314 1212 2352 attamen
1244 2307 1289 2348 in
1322 2306 1418 2348 istis
1449 2310 1494 2347 et
1527 2302 1709 2358 collegii,
1745 2306 1790 2344 et

102 2394 234 2423 verae
258 2380 482 2436 religionis
506 2381 718 2431 exordiis,
745 2381 870 2424 omni
893 2380 1068 2424 ratione
1092 2378 1360 2426 alliciendos,
1387 2389 1478 2417 non
1502 2373 1790 2417 deterrendos

55 2465 129 2493 30a
162 2451 384 2494 catholica
417 2451 629 2507 religione
661 2451 868 2494 homines
901 2456 1143 2507 putamus:
1181 2453 1232 2490 ut
1266 2448 1353 2490 ista
1386 2444 1574 2501 proponi
1608 2443 1791 2500 quidem

102 2527 147 2563 et
175 2522 339 2564 sensim
366 2536 418 2564 ac
446 2522 608 2565 leniter
634 2522 917 2565 instituendo
946 2521 1236 2575 docendoque
1263 2516 1487 2564 inculcari,
1517 2529 1608 2557 non
1635 2518 1791 2556 autem

102 2592 403 2648 pertinaciter,
442 2593 527 2635 nisi
564 2594 859 2649 postmodum
903 2593 1016 2634 bene
1060 2590 1251 2632 fundata
1294 2602 1340 2630 re
1383 2585 1604 2629 catholica
1646 2583 1792 2639 urgeri

103 2663 263 2706 debere
305 2678 580 2706 censeamus.
625 2665 698 2707 Ad
741 2669 996 2706 extremum
1037 2661 1083 2702 in
1123 2661 1208 2702 hac
1249 2657 1432 2700 rectoris
1473 2654 1792 2698 immutatione

102 2733 349 2776 videndum
382 2739 465 2784 est,
500 2739 553 2776 ut
585 2735 635 2784 is,
671 2734 749 2791 qui
781 2733 981 2776 succedit
1014 2733 1148 2773 homo
1182 2729 1325 2771 Italus
1357 2727 1566 2783 perfectis
1598 2724 1791 2780 collegiis

56 2820 90 2846 35
103 2809 321 2854 assuetus,
348 2810 482 2847 caute
507 2810 552 2848 et
577 2806 825 2861 prudenter
848 2817 1018 2846 novum
1040 2803 1125 2843 hoc
1148 2799 1446 2847 administret,
1473 2797 1632 2839 leniter
1653 2796 1699 2837 in
1723 2795 1793 2836 his

103 2874 333 2931 principiis
369 2881 490 2931 agat,
529 2890 675 2932 neque
711 2880 792 2918 aut
829 2887 1053 2917 summam
1090 2869 1385 2925 disciplinam,
1423 2873 1502 2911 aut
1539 2881 1651 2917 eam,
1677 2879 1792 2921 quae

103 2945 201 2987 aliis
232 2946 279 2988 in
310 2946 418 2988 locis
451 2961 546 2989 esse
579 2947 693 2989 solet
726 2944 1047 3002 perfectionem
1080 2942 1138 2984 ab
1169 2940 1254 2982 illis
1285 2939 1542 2982 hominibus
1574 2936 1788 2992 requirat.

104 3016 171 3058 Ne
202 3015 238 3058 si
270 3016 386 3059 forte
419 3031 532 3066 eam,
567 3031 684 3073 quae
715 3017 762 3058 in
794 3013 1016 3071 primariis
1048 3011 1240 3066 collegiis
1272 3014 1340 3052 est
1372 3009 1522 3052 subito
1554 3006 1790 3048 instituere

103 3086 212 3128 velit
245 3086 541 3142 disciplinam,
577 3102 630 3129 ea
661 3087 772 3142 ipsa,
808 3099 924 3141 quae
956 3098 982 3126 a
1014 3082 1159 3138 priore
1191 3085 1363 3123 rectore
1394 3079 1607 3121 inchoata
1638 3077 1791 3118 firmas

55 3157 304 3199 4onondum
326 3157 518 3212 egissent
541 3157 713 3200 radices
734 3155 886 3212 potius
908 3154 1125 3201 destruat,
1149 3165 1201 3194 ac
1228 3151 1511 3193 iuventutem
1533 3162 1560 3190 a
1580 3145 1793 3189 discendo

1581 3233 1651 3267 20*
