2188 3535
157 204 246 245 1581
283 200 366 235 okt.
404 202 441 244 8]
916 200 990 236 No.
1019 202 1068 236 66
1768 209 1837 233 201

961 314 1030 357 66.

608 413 784 455 Psk6wi
813 413 947 462 tcibor,
985 413 1098 465 1581
1131 413 1296 457 okt6ber
1328 412 1368 455 8.

364 517 408 555 Ρ.
450 515 676 555 Possevino
716 515 845 554 Antal
885 516 948 565 [P.
989 516 1143 567 Wujek
1182 515 1322 567 Jakab
1361 514 1623 564 rektornak]

274 610 451 661 Bdthory
482 607 623 649 Istvdn
653 609 786 660 kira'ly
816 614 985 657 iizenete,
1029 611 1180 649 militent
1209 609 1411 661 fejlesszcik
1442 622 1465 647 α
1497 608 1675 654 ἢίίὲἶεέεί,
1719 607 1840 646 mivel

99 673 116 700 5
146 682 191 708 az
226 669 375 720 erde‘lyi
407 668 587 721 piispoki
620 669 708 708 szek
743 669 1084 708 visszacillz‘tdsa'ra
1119 674 1219 708 most
1254 669 1341 719 meg
1376 667 1641 707 alkalmatlan
1676 680 1721 706 az
1755 666 1835 706 ido'.

145 728 206 767 ΑΖ
232 729 279 780 227'
303 728 457 779 lengyel
482 728 761 780 provincialis,
788 727 838 766 P.
869 728 1075 780 Campani
1100 729 1131 779 J
1133 730 1232 767 cinos
1259 728 1338 766 Pa'l
1364 726 1573 766 iidvozlete.

277 822 463 865 Dudum
507 822 638 864 credo
684 824 738 865 R.
772 824 860 865 Vrae
890 823 1138 866 innotuisse
1183 827 1227 865 et
1274 821 1415 871 vobis,
1461 821 1578 863 idest
1613 821 1662 863 P.
1697 820 1839 862 Paulo

147 893 376 949 Campano
427 893 655 935 destinato
705 893 982 949 provinciali,
1036 899 1187 936 vestro
1234 895 1283 936 P.
1332 893 1563 948 Stephano
1601 891 1835 940 Drenocio,

146 978 282 1020 quem
314 964 361 1006 in
395 964 625 1007 Moscovia
658 979 800 1020 usque
834 965 893 1007 ad
926 965 1123 1007 reditum
1157 978 1309 1006 meum
1342 963 1616 1018 reliquimus,
1651 962 1839 1017 aliisque

98 1047 133 1073 10
145 1034 419 1091 quibusdam
444 1035 660 1077 fratribus
685 1049 736 1077 ac
761 1035 885 1085 inibi,
911 1036 970 1078 ad
990 1035 1140 1092 ipsum
1165 1036 1381 1090 Magnum
1397 1032 1651 1076 Moscoviae
1676 1033 1837 1074 ducem

145 1106 338 1148 eundem
375 1105 524 1155 fuisse,
565 1106 688 1162 apud
724 1121 860 1162 quem
897 1106 976 1148 ubi
1013 1120 1214 1148 mensem
1238 1104 1511 1160 fuisse[mus]
1553 1103 1834 1152 commorati,

145 1176 359 1219 rediimus
402 1177 461 1219 ad
503 1177 661 1219 Sermum
703 1177 914 1219 Poloniae
968 1191 1131 1232 regem,
1181 1190 1233 1218 ea
1276 1175 1330 1218 de
1366 1188 1476 1231 pace
1519 1173 1676 1223 acturi,
1722 1188 1839 1229 quae

147 1247 359 1290 Summus
390 1247 596 1303 pontifex
626 1247 755 1290 nobis
787 1248 1037 1290 mandavit.

262 1319 375 1361 Cum
409 1333 515 1361 vero
550 1319 734 1374 longum
781 1318 915 1360 hodie
950 1318 1224 1374 colloquium
1259 1317 1352 1359 eius
1387 1318 1416 1359 lv
1436 1310 1472 1336 *³⁵
1515 1314 1749 1357 nobiscum
1785 1315 1841 1357 de

98 1402 131 1429 15
146 1389 234 1431 isto
282 1389 465 1444 collegio
510 1389 654 1445 deque
707 1390 759 1431 V.
799 1384 883 1431 Rtia
926 1389 1191 1444 praesertim
1224 1387 1470 1436 habuisset,
1520 1385 1675 1429 retulit
1710 1386 1840 1428 nobis

144 1460 430 1502 tabellarium
468 1474 575 1509 esse,
616 1459 693 1515 qui
730 1459 879 1501 isthuc
917 1465 1019 1515 post
1058 1460 1248 1502 biduum
1286 1458 1344 1501 sit
1381 1458 1467 1500 iter
1505 1457 1720 1506 facturus,
1761 1471 1840 1512 per

144 1544 292 1586 quem,
341 1535 393 1572 ut
449 1531 503 1572 R.
561 1531 650 1572 Vrae
692 1530 933 1572 scriberem
975 1530 1226 1581 mandavit,
1272 1528 1545 1586 quibusnam
1588 1527 1840 1570 rationibus

143 1600 362 1643 iudicaret
393 1600 616 1656 expedire,
663 1605 714 1642 ut
745 1601 885 1657 aliqui
914 1601 1123 1643 catholici
1153 1601 1408 1643 sacerdotes
1436 1600 1595 1642 fierent
1624 1598 1671 1640 in
1699 1599 1838 1640 Tran-

143 1671 362 1728 sylvania,
403 1671 482 1727 qui
520 1671 710 1714 subinde
748 1672 971 1727 parochiis
1010 1673 1370 1727 praeficerentur.

95 1757 130 1783 20
273 1743 337 1785 Ut
369 1742 490 1785 enim
521 1742 756 1798 episcopus
788 1743 923 1785 modo
956 1748 1194 1792 crearetur,
1230 1742 1488 1791 dubitabat,
1523 1755 1627 1783 cum
1666 1740 1838 1782 nobiles

142 1813 289 1856 adhuc
322 1814 538 1856 haereant
568 1813 615 1855 in
644 1813 842 1864 haeresi;
895 1819 1078 1869 putaret
1109 1818 1264 1856 autem
1295 1827 1348 1855 ea
1376 1812 1551 1855 ratione
1581 1811 1665 1853 sibi
1695 1811 1837 1866 impo—

142 1883 280 1926 situm
311 1884 364 1926 iri
395 1884 441 1926 in
473 1898 590 1933 eum,
624 1884 747 1940 quod
794 1890 1042 1941 antequam
1075 1884 1290 1934 subirent,
1322 1883 1527 1926 fortassis
1558 1887 1834 1925 excuterent.

142 1956 205 1997 Ut
233 1969 339 1998 vero
381 1955 440 1997 ad
467 1955 577 1997 alias
605 1955 828 1997 dioeceses
854 1955 1065 1998 initiandi
1097 1956 1369 2004 mitteretur,
1412 1954 1460 1996 id
1501 1959 1596 1996 erat
1637 1954 1834 2008 longum,

141 2039 192 2068 ac
221 2026 321 2081 quis
349 2031 500 2082 posset
529 2026 627 2068 illos
658 2026 881 2081 parochiis
912 2026 997 2068 rite
1029 2027 1281 2082 praeficere,
1325 2025 1483 2081 quisve
1512 2039 1586 2067 eos
1614 2024 1661 2066 in
1688 2023 1837 2066 officio

93 2096 381 2146 25continere,
428 2102 524 2139 erat
568 2097 873 2152 cogitandum.
925 2097 1058 2153 Quod
1087 2099 1123 2140 si
1152 2111 1232 2152 per
1261 2098 1595 2151 suffraganeum
1625 2094 1834 2150 aliquem,

141 2167 218 2223 qui
253 2167 405 2210 nuncii
443 2167 678 2223 apostolici
704 2182 870 2210 nomen
906 2173 950 2210 et
988 2168 1310 2210 auctoritatem
1347 2166 1586 2215 obtineret,
1616 2165 1664 2206 id
1693 2166 1834 2213 fieret,

141 2238 343 2280 fortassis
372 2238 554 2294 utrique
581 2238 643 2280 rei
665 2239 985 2288 consuleretur,
1018 2244 1202 2280 tantum
1233 2243 1284 2280 ut
1316 2237 1570 2279 sacerdotes
1599 2236 1758 2277 fierent
1789 2240 1834 2276 et

139 2308 185 2351 in
212 2309 360 2352 officio
399 2309 785 2359 continuarentur,
827 2315 928 2352 tum
954 2315 1006 2351 ut
1033 2309 1108 2352 via
1151 2313 1425 2351 sterneretur
1451 2307 1510 2350 ad
1536 2321 1640 2348 eum
1667 2305 1834 2361 episco-

139 2394 249 2435 pum
279 2380 416 2436 paulo
450 2385 554 2436 post
585 2380 843 2430 creandum,
876 2395 1011 2436 quem
1042 2379 1209 2422 assueti
1238 2379 1330 2420 iam
1360 2377 1555 2420 vivendo
1586 2376 1834 2432 apostolico

93 2451 317 2501 3onuncio‚
344 2451 519 2493 facilius
542 2451 850 2493 admitterent.
881 2451 951 2493 Sic
975 2464 1081 2492 vero
1105 2464 1183 2492 rex
1206 2449 1348 2499 iussit,
1372 2454 1424 2491 ut
1445 2449 1498 2490 V.
1526 2442 1628 2490 Rtiae
1674 2446 1834 2489 scribe-

139 2535 248 2571 rem,
283 2536 399 2578 quae
430 2522 534 2564 licet
566 2522 686 2564 idem
720 2523 773 2564 R.
810 2523 857 2563 P.
890 2520 1182 2563 Provincialis
1213 2525 1363 2562 vester
1394 2519 1584 2568 adesset,
1619 2517 1834 2574 quoniam

141 2597 296 2635 tamen
329 2593 376 2634 id
407 2592 517 2635 mihi
549 2592 800 2642 mandavit,
834 2592 957 2634 nolui
987 2591 1091 2633 huic
1123 2591 1340 2633 mandato
1373 2590 1537 2639 deesse,
1571 2588 1834 2644 praesertim

141 2664 265 2719 quod
303 2663 482 2706 dicebat
522 2663 629 2713 fore,
670 2668 723 2705 ut
762 2663 808 2704 in
840 2677 992 2705 meum
1015 2676 1037 2704 e
1059 2661 1289 2704 Moscovia
1309 2661 1507 2703 reditum
1527 2659 1756 2715 responsio
1778 2660 1831 2701 V.

143 2729 243 2776 Rtiae
256 2740 406 2790 posset
423 2734 630 2784 incidere,
649 2748 738 2790 quo
754 2739 971 2789 tempore,
997 2747 1101 2775 cum
1122 2732 1273 2774 forsan
1295 2731 1407 2774 mihi
1424 2733 1619 2774 Romam
1635 2735 1750 2773 esset
1766 2744 1831 2772 re-

93 2819 128 2846 35
143 2804 385 2856 deundum,
405 2805 452 2847 id
466 2805 616 2861 ipsum
632 2810 747 2848 esset
764 2804 1028 2847 curandum.
1049 2804 1211 2859 Itaque
1231 2802 1441 2858 disponat
1459 2804 1512 2845 R.
1536 2803 1622 2852 Vm,
1643 2801 1754 2857 quid
1775 2800 1834 2843 ad

142 2875 225 2917 Dei
252 2875 440 2931 gloriam
467 2876 674 2919 futurum
702 2875 760 2918 sit
785 2874 1080 2924 commodius,
1111 2888 1162 2916 ac
1188 2873 1223 2916 si
1247 2873 1338 2930 regi
1360 2873 1486 2916 Ser¹¹²⁰
1507 2873 1700 2928 ipsamet
1723 2871 1832 2914 velit

142 2946 344 2996 scribere,
368 2947 416 2989 id
437 2947 574 2990 faciat
607 2947 654 2989 in
686 2946 895 2990 Domino.

142 3022 147 3028 '
272 3018 368 3073 Ego
407 3017 589 3060 interim
634 3032 705 3060 me
757 3016 1038 3060 orationibus
1077 3020 1122 3057 et
1163 3014 1330 3057 sanctis
1382 3013 1608 3057 sacrificiis
1649 3015 1702 3055 R.
1746 3013 1818 3054 Vra

143 3088 422 3138 commendo,
458 3103 549 3131 una
584 3103 687 3131 cum
721 3088 808 3130 isto
844 3086 1027 3142 collegio
1063 3091 1107 3128 et
1143 3087 1197 3128 R.
1236 3087 1284 3128 P.
1321 3085 1505 3141 Aloysio
1540 3083 1830 3132 Odescalcho‚

95 3156 214 3199 4ocui
249 3158 442 3201 multam
479 3173 505 3201 a
541 3161 636 3202 Deo
674 3159 866 3202 salutem
904 3163 948 3200 et
985 3156 1281 3199 rectissimam
1318 3155 1626 3199 valetudinem
1663 3167 1830 3209 precor.
