2188 3535
148 182 245 226 1580
272 178 356 223 jan.
390 180 428 224 7]
909 181 982 215 No.
1019 193 1067 227 29
1779 186 1824 228 87

272 308 338 349 13.
373 295 418 338 Si
448 295 609 352 aliquis
639 296 889 340 Germanus
919 299 1124 342 sacerdos
1154 314 1257 343 cum
1290 302 1337 343 P.
1372 301 1601 357 Stephano
1634 302 1819 351 veniret,

143 366 358 422 suscipiat
405 380 559 409 curam
605 366 871 410 concionum
916 370 1286 414 Germanicarum
1332 376 1377 414 et
1423 372 1621 426 Joannes
1667 373 1823 415 Craco-

142 437 306 480 viensis
335 436 394 479 sit
423 450 605 493 prorsus
633 436 694 478 ad
722 436 810 479 alia
838 437 959 480 liber.

272 520 337 562 14.
373 509 475 550 Duo
492 507 556 549 illi
575 507 841 556 sacerdotes
863 508 941 563 qui
961 509 1021 551 ad
1039 511 1351 565 probationem
1371 518 1476 555 sunt
1496 527 1523 556 a
1542 528 1613 556 me
1633 514 1820 570 accepti,

93 589 111 617 5
141 578 385 621 mittantur
414 578 779 633 Brunspergam3
808 578 868 620 ad
896 578 1184 630 novitiatum‚
1216 583 1553 638 quamprimum
1593 588 1725 626 erunt
1767 598 1822 627 ex

140 649 318 698 nostris,
339 649 417 705 qui
435 649 520 690 iHis
539 648 711 704 possint
730 648 776 690 in
795 649 1013 704 susceptis
1031 651 1290 693 muneribus
1308 653 1466 696 suffici.
1489 655 1623 697 Curet
1642 654 1823 698 interim

141 720 189 762 P.
213 720 424 774 Jacobus,
459 734 514 761 ne
545 718 656 775 quid
688 718 772 760 illis
806 733 956 761 rerum
989 721 1339 765 necessariarum
1373 723 1487 765 desit
1522 729 1567 767 et
1601 731 1818 774 amanter,

139 794 191 831 ut
223 790 381 846 reliqui
413 794 678 838 tractentur,
714 789 978 845 praesertim
1010 790 1193 846 quando
1226 796 1323 834 tam
1354 793 1511 837 utilem
1543 800 1588 837 et
1621 809 1820 838 necessa-

138 861 252 903 riam
281 860 458 903 illorum
488 874 671 916 operam
702 860 917 902 Societati
947 860 1095 909 fuisse,
1128 860 1174 902 in
1204 861 1342 904 initiis
1372 866 1659 908 nascentibus
1689 866 1821 908 huius

93 942 128 970 ιο
140 931 310 987 collegii
344 931 517 987 experti
551 945 718 974 sumus.

269 1012 335 1056 15.
370 1002 655 1044 Consultores
694 1003 741 1044 P.
782 1001 943 1056 Jacobi
982 1007 1113 1044 erunt
1153 1003 1200 1044 P.
1244 1003 1499 1046 Ludovicus
1537 1005 1817 1056 Odescalcus,

140 1072 218 1129 qui
244 1077 289 1115 et
317 1072 526 1121 monitor,
558 1074 605 1115 P.
636 1072 844 1121 Lelesius,
876 1074 923 1115 P.
955 1073 1211 1128 Stephanus
1238 1078 1283 1115 et
1311 1073 1347 1115 si
1373 1074 1473 1130 quis
1500 1075 1612 1117 alius
1638 1091 1742 1119 cum
1768 1092 1818 1119 eo

139 1143 312 1186 venerit
338 1144 556 1186 sacerdos.
586 1143 775 1186 Interim
799 1143 893 1199 ipse
919 1144 966 1186 P.
995 1144 1194 1198 Jacobus
1218 1144 1554 1187 exhortationes
1578 1146 1638 1188 ad
1661 1147 1820 1190 fratres

138 1214 306 1256 habeat
349 1219 394 1256 et
437 1214 615 1256 illorum
658 1213 881 1270 tantisper
923 1214 1220 1257 confessiones
1263 1214 1433 1264 audiat,
1479 1215 1619 1258 donec
1662 1217 1821 1273 aliquis

90 1295 125 1323 15
138 1285 352 1327 mittatur
391 1285 609 1333 sacerdos,
665 1284 743 1341 qui
796 1285 937 1340 possit
990 1285 1094 1327 huic
1134 1285 1196 1327 rei
1237 1300 1410 1328 vacare.
1468 1287 1650 1330 Patrem
1703 1289 1821 1331 enim

138 1355 466 1398 Odescalchum
497 1356 555 1398 ab
585 1356 669 1398 hoc
699 1369 882 1397 munere
913 1355 1244 1399 confessionum
1275 1356 1602 1400 audiendarum
1632 1357 1820 1402 liberum

139 1440 232 1468 esse
264 1430 457 1482 oportet,
493 1430 545 1467 ut
578 1440 629 1468 eo
661 1425 814 1468 utilior
846 1426 986 1481 possit
1020 1426 1235 1469 fratribus
1268 1441 1362 1469 esse
1394 1427 1440 1469 in
1472 1428 1822 1472 recreationibus

138 1496 372 1539 ordinariis
416 1502 686 1545 nostrorum,
734 1496 897 1553 quibus
942 1502 993 1539 ut
1039 1497 1284 1553 plurimum
1327 1498 1476 1554 ipsum
1520 1498 1675 1542 adesse
1719 1514 1821 1542 con-

137 1567 288 1609 veniet
308 1581 318 1618 ;
344 1581 447 1609 curn
471 1571 626 1610 tamen
648 1567 743 1623 ipse
766 1567 930 1610 debeat
954 1582 1047 1610 esse
1071 1568 1348 1611 novitiorum
1372 1568 1638 1625 praefectus,
1665 1570 1821 1613 audiat

87 1638 312 1681 minorum
348 1638 541 1680 duorum
576 1638 862 1681 sacerdotum
897 1638 1196 1682 confessiones
1230 1645 1275 1681 et
1311 1640 1514 1689 aliorum,
1552 1640 1588 1683 si
1623 1641 1701 1697 qui
1734 1642 1821 1684 huc

135 1708 438 1758 mitterentur,
471 1708 550 1765 qui
582 1709 794 1752 Latinam
825 1709 1025 1765 linguam
1056 1710 1267 1752 caHerent
1299 1710 1587 1753 novitiorum.

265 1780 331 1822 16.
366 1780 479 1822 Cum
509 1780 745 1822 haereticis
776 1780 1119 1837 quibuscunque
1150 1781 1407 1824 cautissime
1438 1787 1589 1837 agant,
1623 1782 1820 1839 nihilque

136 1850 195 1893 ad
211 1850 389 1893 illorum
406 1850 559 1893 literas
578 1851 649 1894 vel
667 1851 998 1908 qualiacunque
1017 1857 1175 1894 contra
1194 1866 1274 1894 nos
1292 1852 1461 1908 scripta
1479 1853 1816 1908 respondeatur,

134 1935 190 1963 ne
231 1921 371 1964 ullam
413 1922 612 1964 habeant
655 1921 824 1964 iustam
866 1922 1145 1965 occasionem
1188 1937 1269 1965 nos
1311 1923 1628 1966 calumniandi.
1674 1923 1720 1966 Si
1762 1924 1820 1966 ad

85 1991 382 2048 25principem
397 2006 464 2043 ea,
481 2007 597 2048 quae
617 1992 804 2035 alicuius
826 1993 1045 2035 momenti
1067 1993 1340 2042 viderentur,
1365 1994 1628 2043 referantur,
1653 1999 1704 2036 ut
1726 1994 1820 2050 ipse

133 2076 213 2118 pro
239 2077 321 2105 sua
345 2063 588 2119 prudentia
613 2068 871 2106 nostrorum
896 2064 1101 2106 consulat
1128 2064 1430 2113 indemnitati,
1459 2064 1558 2120 paci
1584 2079 1635 2106 ac
1661 2064 1815 2121 quieti,

133 2147 271 2189 quam
306 2138 462 2176 nostra
497 2134 683 2190 exigunt
720 2134 979 2177 ministeria.
1019 2136 1086 2177 De
1122 2135 1245 2176 libris
1282 2149 1386 2177 vero
1423 2149 1449 2177 a
1484 2135 1648 2177 nostris
1685 2135 1817 2177 editis

132 2204 420 2254 excudendis,
444 2210 680 2247 serventur
713 2204 773 2247 ad
807 2205 1022 2248 amussim
1052 2205 1409 2248 constitutiones.

262 2287 328 2330 17.
364 2275 579 2331 Reliquas
627 2275 794 2318 vitreas
841 2276 999 2331 templi
1047 2276 1264 2318 fenestras
1311 2280 1435 2317 curet
1483 2275 1665 2317 ineunte
1713 2289 1816 2317 vere

83 2357 120 2384 30
131 2345 251 2388 refici
283 2360 338 2388 ex
369 2346 569 2401 antiquis
600 2350 645 2388 et
676 2346 819 2394 noviS,
853 2346 890 2388 si
920 2360 1033 2402 opus
1065 2346 1213 2394 fuerit,
1244 2345 1384 2387 vitris.
1406 2344 1630 2387 Aedificiis
1662 2350 1816 2388 autem

132 2420 228 2459 tam
273 2416 387 2458 arcis
432 2421 625 2464 nostrae,
673 2430 812 2472 quam
857 2416 999 2458 futuri
1044 2415 1322 2471 Claudiopoli
1367 2415 1537 2470 collegii
1582 2415 1817 2471 diligenter

131 2487 487 2543 superintendat,
512 2500 673 2542 meque
688 2486 743 2528 de
758 2487 962 2529 omnium
983 2501 1131 2529 rerum
1152 2499 1386 2542 progressu
1404 2485 1639 2529 certiorem
1660 2485 1814 2528 faciat.

260 2558 325 2600 18.
361 2558 534 2600 Literas
574 2557 620 2598 in
660 2556 894 2599 Polom‘am
933 2557 1098 2612 poterit
1151 2562 1202 2598 ut
1256 2556 1499 2612 plurimum
1551 2570 1630 2612 per
1682 2556 1815 2598 Illmum

131 2627 379 2684 principem
401 2628 461 2671 ad
483 2642 555 2670 me
578 2628 770 2670 mittere.
796 2627 973 2670 Viatica
995 2632 1150 2669 autem
1172 2627 1361 2675 illorum,
1387 2626 1465 2682 qui
1487 2640 1514 2669 a
1537 2641 1608 2669 me
1631 2627 1814 2669 mitten-

83 2702 218 2749 astur,
242 2699 562 2754 persolvantur
582 2713 637 2740 ex
660 2698 871 2754 principis
899 2697 1100 2753 pecunia,
1130 2697 1270 2739 donec
1298 2697 1468 2752 collegii
1495 2697 1697 2739 redditus
1724 2697 1813 2739 sint

131 2769 352 2812 auctiores
385 2769 508 2819 facti,
544 2769 628 2811 nisi
662 2783 690 2811 a
722 2783 794 2811 me
827 2772 1065 2818 secaretur,
1102 2768 1329 2823 persoluta
1362 2782 1389 2810 a
1422 2782 1522 2823 rege
1556 2767 1735 2810 viatica.

259 2853 325 2895 19.
361 2840 621 2883 Curandum
675 2844 803 2888 esset,
855 2844 906 2881 ut
955 2839 1137 2881 ineunte
1187 2853 1288 2881 vere
1338 2838 1560 2894 templum
1608 2842 1813 2881 nostrum

130 2909 429 2960 dealbaretur,
458 2911 495 2953 si
529 2925 620 2953 non
646 2914 812 2959 totum,
840 2910 1001 2952 saltem
1027 2909 1200 2957 chorus,
1229 2923 1284 2951 ne
1310 2908 1573 2951 deformitas
1596 2908 1672 2951 illa
1697 2908 1813 2950 infra

130 2979 348 3023 fenestras
379 2981 573 3037 amplius
604 2980 917 3036 conspiciatur.

82 3061 117 3088 4⁰
257 3063 325 3093 20.
361 3052 587 3094 Examina
609 3051 800 3100 illorum,
827 3050 905 3107 qui
929 3065 1000 3093 me
1025 3050 1209 3093 absente
1234 3050 1320 3091 huc
1345 3049 1540 3098 venient,
1568 3049 1813 3092 mittantur

256 3151 270 3172 ³
299 3152 563 3197 Braunsberg.
594 3164 618 3187 a
649 3152 781 3187 Keleti
809 3155 946 3196 tenger
975 3151 1199 3185 kozeleben.
