2188 3535
229 3001 297 3040 Apr.
325 3017 368 3037 2⁴·

397 210 440 255 33
1151 199 1224 232 No.
1267 201 1309 234 16
1767 199 1883 244 [1577
1915 198 1999 243 apr.
2035 212 2080 248 23

511 325 726 367 Tractata
761 319 942 376 quidem
978 318 1196 359 hactenus
1232 315 1318 356 fuit
1354 314 1463 357 haec
1499 329 1568 358 res
1605 330 1684 371 per
1721 317 1774 358 R.
1815 317 1862 358 P.
1895 316 2081 359 Provin-

397 395 554 438 cialem
584 390 906 436 Austriacun1,⁵
947 386 1026 428 sed
1065 385 1178 433 ideo,
1223 385 1330 441 quia
1373 385 1559 429 Polonia
1601 400 1693 429 non
1735 391 1830 428 erat
1872 391 2081 441 separata

398 463 637 520 provincia,
675 474 791 503 nunc
828 471 932 499 vero
966 455 1252 511 provincialis
1290 455 1501 498 Poloniae
1538 456 1772 499 familiaris
1807 456 1890 499 erit
1925 456 2080 499 domui

397 535 658 579 Bathoreae,
692 540 1002 585 quaecumque
1042 525 1228 568 tandem
1272 540 1458 582 regnum
1499 526 1610 569 illud
1652 526 1891 575 obtinebit,
1936 527 2080 570 multo

394 610 546 646 autem
574 600 725 654 magis,
763 598 799 640 si
829 597 1057 639 Bathorea
1086 596 1261 639 familia
1292 602 1475 639 maneat
1506 597 1552 639 in
1581 611 1730 652 regno.
2111 611 2127 638 5

503 670 650 713 Audio
683 667 927 724 quendam,
963 667 1111 709 nescio
1145 681 1294 722 quem,
1335 667 1601 710 informasse
1636 669 1690 710 R.
1729 668 1776 709 P.
1814 667 2078 711 Generalem

389 747 545 784 contra
569 739 824 782 missionem
848 738 964 780 hanc
984 751 994 788 ;
1032 737 1204 780 domini
1227 742 1382 780 autem
1407 738 1594 793 quidam
1619 737 1788 793 Ungari
1813 737 2079 781 existimant

389 812 513 854 illum
557 809 896 852 informatorem
947 821 1041 850 esse
1098 808 1372 850 monachum
1430 810 1660 863 quendam
1718 807 1941 858 iuvenem,
2001 808 2079 865 qui

392 884 563 925 Romae
587 879 709 935 apud
731 884 908 921 nostros
930 877 1071 920 literis
1093 891 1279 933 operam
1301 878 1426 920 dedit
1450 883 1495 920 et
1518 892 1638 921 nunc
1661 878 1909 921 comitatur
1930 878 2079 934 ipsum

390 952 668 994 Bathoreum
711 949 756 991 in
800 948 1035 992 Poloniam
1084 952 1129 990 et
1173 948 1380 990 fortassis
1422 949 1549 991 illum
1610 949 1827 991 informat
1883 949 2078 992 vicissim
2094 966 2127 994 10

394 1026 551 1064 contra
583 1020 869 1064 Societatem.
908 1018 996 1062 Sed
1025 1019 1136 1061 haec
1171 1017 1500 1074 impedimenta
1534 1019 1885 1075 obloquentium
1919 1024 1965 1062 et
2000 1034 2082 1064 sua

392 1093 555 1148 potius,
585 1105 724 1147 quam
746 1091 855 1145 Jesu
881 1089 1118 1146 gremium,
1143 1089 1234 1131 imo
1262 1089 1435 1132 maiora
1461 1089 1790 1145 impedimenta
1815 1104 1910 1133 non
1936 1091 2081 1133 solent

391 1168 593 1206 avertere
642 1161 926 1209 Societatem,
971 1159 1213 1216 quominus
1260 1164 1418 1216 pergat
1453 1159 1500 1202 in
1534 1160 1626 1203 suis
1662 1160 1961 1210 missionibus,
1998 1175 2079 1204 nec

389 1247 554 1289 magna
598 1232 795 1288 pericula
841 1232 1154 1273 deterruerunt
1201 1230 1489 1280 Societatem,
1538 1245 1593 1273 ne
1641 1231 1744 1273 licet
1791 1231 1837 1273 in
1883 1231 2076 1282 Indiam,

388 1303 677 1358 Aethiopiam
711 1308 755 1345 et
789 1302 1054 1357 Giaponem.
2094 1315 2126 1343 15

506 1375 598 1417 Nos
637 1373 821 1429 quidem
859 1372 930 1414 hic
970 1377 1015 1414 et
1055 1372 1215 1415 melius
1255 1372 1473 1421 valemus,
1515 1373 1613 1415 laus
1649 1373 1746 1415 Deo
1785 1378 1830 1415 et
1869 1373 2080 1416 iuvamus

389 1450 620 1500 utcunque
650 1443 914 1499 collegium;
947 1443 994 1485 P.
1028 1442 1244 1485 Lelesius⁶
1288 1443 1334 1485 in
1364 1443 1683 1498 rnetaphisicis,
1716 1457 1797 1499 ego
1826 1443 1872 1486 in
1901 1444 2078 1486 casibus

389 1515 685 1558 conscientiae
705 1528 714 1565 ;
766 1528 971 1556 amamus
1017 1514 1100 1555 hos
1147 1518 1299 1570 patres
1346 1519 1391 1556 et
1440 1514 1726 1569 agnoscimus
1773 1528 1855 1556 nos
1901 1514 1960 1556 ab
1993 1514 2078 1557 illis

388 1586 543 1635 amari,
565 1585 643 1627 sed
662 1585 838 1627 animus
854 1589 1008 1627 noster
1027 1584 1156 1626 ardet
1175 1584 1223 1626 in
1240 1584 1631 1640 Transylvaniam‚
1664 1584 1723 1627 ad
1750 1598 1889 1640 quam
1910 1585 2078 1628 fuimus

387 1655 601 1698 destinati
623 1655 727 1697 etin
749 1670 839 1711 qua
859 1655 1126 1698 confidimus
1150 1655 1296 1697 multo
1311 1655 1441 1710 plura
1466 1659 1511 1697 et
1533 1654 1705 1697 maiora
1726 1669 1808 1697 nos
1836 1656 2126 1711 praestitu-2o

385 1741 470 1775 ros,
505 1732 583 1768 aut
616 1727 779 1768 saltem
811 1726 856 1767 in
888 1725 1122 1768 Poloniam
1154 1730 1199 1768 et
1233 1725 1445 1768 Russiam
1477 1726 1832 1781 Transylvaniae
1864 1725 2074 1776 vicinam,

387 1797 479 1839 imo
507 1797 766 1852 contiguam
811 1802 855 1839 et
901 1796 994 1839 sine
1029 1797 1120 1839 ullo
1151 1796 1198 1838 in
1228 1796 1605 1852 Transylvaniam
1637 1796 1905 1840 transituros
1938 1796 2076 1853 impe-

385 1868 600 1910 dimento.

502 1939 737 1980 Praeterea
763 1938 834 1980 hic
860 1943 965 1980 sunt
992 1938 1192 1980 Viennae
1219 1937 1428 1994 perpetui
1454 1938 1639 1980 timores
1665 1943 1710 1980 et
1737 1938 2076 1994 expectationes

385 2009 649 2057 Turcarum‚
672 2023 864 2064 quorum
884 2008 1082 2064 impetus
1097 2008 1308 2059 creditur,
1326 2013 1378 2050 ut
1395 2008 1557 2051 minati
1577 2013 1696 2058 sunt,
1721 2008 1900 2051 futurus
1919 2013 2077 2052 contra
2089 2019 2123 2046 25

385 2079 621 2129 Viennam,
647 2084 807 2135 utpote
829 2093 968 2135 quam
990 2080 1084 2122 iam
1119 2079 1188 2122 bis
1222 2093 1455 2135 aggressus
1490 2079 1575 2121 fuit
1611 2080 1916 2134 Solymanus.⁷
1954 2080 2076 2122 Deus
2179 2011 2185 2164 1

385 2154 564 2192 avertat
584 2163 730 2199 omen,
752 2150 788 2192 si
808 2155 961 2192 tamen
981 2150 1153 2206 aliquid
1169 2150 1353 2206 periculi
1369 2150 1599 2205 ingruerit,
1618 2150 1779 2193 fratres
1794 2149 2076 2206 dispergendi
2176 2165 2182 2255 ι

385 2225 515 2262 erunt
537 2234 546 2270 ;
574 2220 698 2277 quod
725 2234 827 2276 ergo
854 2222 990 2276 paulo
1017 2226 1120 2276 post
1148 2221 1357 2263 futurum
1385 2225 1451 2262 est
1480 2220 1535 2263 de
1561 2220 1704 2270 nobis,
1733 2220 1781 2262 id
1806 2220 1898 2263 iam
1924 2225 2075 2276 posset

381 2290 488 2339 fieri,
523 2297 623 2333 tum
651 2291 807 2334 statim
838 2292 1135 2347 migraremus
1163 2292 1209 2333 in
1236 2291 1553 2346 Jaroslaviam‚
1584 2291 1687 2333 inde
1717 2290 1926 2334 facillime
1953 2296 2074 2334 tran·
2174 2298 2179 2383 1

383 2361 511 2403 situri
534 2362 593 2404 ad
614 2363 750 2404 finem
773 2362 1053 2405 destinatum
1068 2362 1435 2418 Transylvaniae.
1456 2362 1584 2413 Sunt,
1611 2362 1689 2417 qui
1711 2366 1880 2417 putant
1904 2362 2073 2405 Batho-
2087 2374 2123 2402 3ο
2173 2385 2177 2403 ι

382 2445 507 2473 reum
529 2433 663 2475 fuisse
679 2432 970 2486 Jaroslaviae‚
991 2433 1101 2475 dum
1123 2433 1335 2475 transiret
1357 2432 1403 2474 in
1424 2432 1672 2481 Poloniam,
1693 2432 1774 2475 ubi
1795 2432 1946 2488 potuit
1969 2446 2073 2475 cum

385 2502 547 2544 nostris
567 2503 704 2558 egisse
724 2508 769 2546 et
791 2503 845 2546 de
866 2504 997 2546 nobis
1018 2503 1255 2546 mittendis
1275 2503 1453 2546 audisse
1473 2508 1518 2545 et
1539 2503 1701 2559 pietati
1720 2516 1903 2546 vacasse
1923 2503 2074 2559 aliquo

385 2571 454 2612 die
483 2574 862 2629 quadragesimae.
2095 2625 2098 2627 ,

505 2643 629 2697 Quae
655 2644 777 2686 dicta
802 2650 922 2693 sunt,
953 2650 1003 2686 ut
1030 2645 1143 2687 solet
1170 2645 1216 2686 in
1241 2645 1361 2687 bello
1386 2644 1494 2695 fieri,
1515 2649 1673 2687 contra
1694 2643 1830 2686 fidem
1856 2648 1901 2686 et
1928 2657 2073 2687 mores
2166 2599 2172 2691 i

385 2710 499 2752 illius
521 2712 617 2762 viri,
643 2713 754 2756 falsa
776 2729 869 2757 esse
895 2715 1119 2764 novimus,
1144 2715 1202 2758 ab
1223 2715 1306 2765 his,
1332 2715 1410 2771 qui
1432 2714 1713 2757 familiariter
1734 2714 1885 2770 ipsum
1910 2728 2071 2770 cogno·
2085 2729 2120 2758 35
2164 2693 2170 2775 i

382 2781 589 2823 verimus.
621 2784 711 2825 Nec
741 2785 995 2840 impediunt
1026 2785 1210 2828 dissidia
1231 2785 1486 2841 principum
1511 2784 1749 2828 Societatis
1771 2798 2068 2840 progressum,
2163 2776 2168 2819 i

383 2850 602 2906 siquidem
619 2853 726 2896 dum
743 2856 1022 2898 atrocissima
1038 2856 1154 2899 bella
1172 2862 1431 2911 gererentur
1452 2855 1570 2897 inter
1593 2855 1744 2897 Gallos
1760 2860 1805 2897 et
1825 2855 2066 2911 Hispanos,
2160 2821 2167 2906 i

384 2920 506 2975 apud
523 2927 736 2978 utrosque
759 2930 912 2968 tamen
935 2941 1038 2969 cum
1061 2926 1372 2969 aedificatione
1393 2925 1592 2968 Societas
1613 2930 1769 2967 nostra
1785 2926 2066 2968 versabatur.

498 2991 711 3035 Imminet
740 2995 832 3036 dies
859 2997 1013 3038 Sancti
1038 2996 1229 3052 Georgii,
1263 2996 1446 3052 quando
1473 2995 1667 3038 vocandi
1689 3009 1869 3038 eramus
1895 3001 1939 3038 et
1967 2996 2069 3038 mit-

509 3092 522 3112 ⁵
551 3093 592 3126 P.
623 3094 778 3139 Maggio
806 3096 980 3131 Lorincz.
1049 3098 1064 3119 θ
1093 3097 1135 3131 Ρ.
1165 3097 1315 3132 Leleszi
1343 3096 1479 3142 Janos.
2082 3099 2118 3127 40

508 3151 521 3172 ⁷
553 3148 638 3186 Erti
666 3152 719 3187 ΙΙ.
750 3153 946 3190 ΞΖΟΙίῑηέιῐι
973 3156 1130 3191 szultan
1157 3156 1228 3191 ket
1253 3155 1361 3190 becsi
1387 3154 1630 3190 tamadasat.
