2188 3535
78 215 171 260 1576
196 213 318 257 szept.
347 212 408 256 13]
839 212 913 247 No.
946 223 989 256 14
1720 225 1763 262 35

72 329 235 373 addam
248 328 302 370 de
315 333 479 384 nepote
495 328 617 370 Tuae
631 323 716 370 Mtis
737 328 897 372 iuvene
910 330 1102 386 ingenuo
1116 336 1160 373 et
1174 346 1365 388 magnae
1378 333 1763 388 expectationis‚10

71 400 147 456 qui
175 413 230 441 ne
258 398 431 442 haeresi
461 398 614 454 aliqua
641 398 909 449 inficeretur,
941 401 1125 444 noluisti
1155 417 1257 445 eum
1286 403 1332 445 in
1361 403 1603 448 Germania
1631 405 1762 447 bonis

70 469 207 512 literis
234 483 417 525 operam
447 470 569 518 dare,
602 469 680 511 sed
708 469 753 511 in
783 470 1025 514 celebriora
1052 473 1289 527 gymnasia
1319 473 1478 517 Italiae
1508 475 1757 530 ablegasti;

70 540 146 597 qui
169 554 271 582 cum
294 554 318 582 e
334 539 537 582 Venetiis
560 554 639 595 per
652 539 874 583 Viennam
898 541 943 582 in
967 542 1167 597 patriam
1190 544 1367 596 rediret,
1386 550 1591 587 nostrum
1607 545 1763 588 invisit

24 635 41 662 5
69 610 300 666 collegium
327 624 499 666 nosque
530 610 842 653 amantissime
870 616 915 653 et
944 612 1286 657 familiarissime
1315 615 1546 658 salutavit.
1577 616 1762 659 Tacitus

69 680 333 738 praeteribo,
363 680 491 737 quod
518 695 572 723 eo
602 695 734 730 anno,
765 695 855 737 quo
884 682 1031 725 fueras
1058 683 1104 725 in
1132 684 1379 741 principem
1407 686 1762 742 Transylvaniae

69 752 246 801 electus,
280 751 452 807 primus
487 751 611 793 inter
649 751 872 807 principes
913 753 1157 796 catholicos
1195 755 1395 811 legatum
1436 757 1495 800 ad
1534 771 1765 800 summum

70 821 332 865 Pontificem
347 821 536 871 miseris,
567 827 619 863 ut
648 822 784 864 fidem
814 827 941 866 tuam
974 828 1191 867 testatam
1222 826 1390 869 faceres
1421 832 1465 869 et
1496 828 1763 884 obsequium

68 892 205 949 capiti
227 892 435 936 ecclesiae
469 893 720 935 deferres.11
751 893 1002 937 Observavi
1035 909 1115 950 ego
1134 896 1218 938 hoc
1240 896 1440 940 Viennae
1457 911 1467 948 ;
1502 898 1764 941 observavit

23 988 56 1016 10
69 965 239 1006 Romae
268 968 313 1005 et
341 962 666 1019 pientissimus,
699 977 750 1006 ac
778 964 1063 1007 doctissimus
1084 967 1262 1021 praesul
1284 967 1524 1011 cardinalis
1543 969 1710 1011 Hosius
1727 971 1763 997 12

68 1033 301 1090 episcopus
330 1033 606 1077 Varmiensis
635 1039 680 1076 et
709 1034 899 1077 miratus
928 1040 995 1077 est
1025 1037 1315 1079 vehementer
1351 1052 1432 1081 nec
1474 1038 1568 1081 sine
1596 1054 1763 1095 magna

66 1105 188 1147 Tuae
218 1099 303 1146 Mtis
331 1104 727 1147 commendatione
749 1119 899 1148 coram
921 1105 1027 1148 viris
1049 1102 1160 1148 Illmis
1189 1121 1241 1150 ac
1262 1122 1452 1163 magnae
1475 1109 1761 1152 auctoritatis

66 1174 311 1217 identidem
353 1175 744 1218 commemoravit.
790 1176 1111 1219 Praetermitto
1152 1177 1304 1220 literas
1345 1182 1448 1221 tuas
1489 1179 1672 1234 pietatis
1714 1185 1760 1222 et

66 1245 159 1288 zelo
185 1245 289 1288 fidei
317 1246 569 1288 catholicae
596 1246 764 1301 plenas,
795 1260 908 1302 quas
935 1247 994 1289 ad
1020 1247 1271 1303 capitulum
1299 1248 1601 1304 Strigoniense
1628 1254 1672 1291 et
1702 1250 1760 1292 ad

24 1337 55 1364 15
66 1317 290 1372 praelatos
331 1321 376 1359 et
421 1316 658 1372 episcopos
704 1317 964 1371 Hungariae
1010 1317 1186 1367 dedisti,
1251 1318 1416 1361 obnixe
1461 1333 1536 1362 eos
1580 1334 1757 1375 rogam,

65 1391 116 1428 ut
148 1386 195 1428 in
226 1386 488 1430 reductione
528 1386 881 1442 Transylvaniae
915 1387 974 1429 ad
1005 1388 1141 1430 fidem
1173 1389 1443 1432 catholicam
1476 1389 1560 1432 tibi
1593 1390 1760 1433 auxilio

66 1462 211 1499 essent
234 1462 279 1499 et
302 1457 513 1500 doctores
533 1471 586 1500 ac
609 1456 947 1500 concionatores
970 1458 1143 1514 aliquos
1164 1459 1291 1501 verbi
1324 1459 1407 1502 Dei
1429 1465 1588 1503 contra
1607 1462 1761 1504 haere-

65 1527 177 1570 ticos
215 1527 466 1570 mitterent.
513 1527 699 1569 Silentio
739 1527 986 1577 involvam,
1029 1529 1151 1584 quod
1190 1529 1403 1572 haeretici
1443 1530 1540 1587 ipsi,
1583 1532 1763 1587 saepius

67 1597 262 1641 scribant
287 1598 333 1640 in
358 1598 571 1640 omnibus
598 1598 745 1640 Tuam
772 1598 879 1640 Mtem
914 1599 997 1641 sibi
1035 1600 1209 1655 placere
1248 1605 1567 1657 praeterquam
1592 1602 1638 1644 in
1664 1602 1762 1645 reli-

23 1668 193 1726 20gione
227 1683 278 1712 ac
311 1669 430 1719 fide;
467 1668 512 1710 in
546 1683 650 1724 qua,
687 1668 723 1711 si
757 1683 860 1711 cum
894 1669 978 1711 illis
1000 1670 1286 1721 consentires,
1311 1672 1466 1727 procul
1500 1672 1638 1715 dubio
1671 1688 1762 1716 non

69 1739 176 1783 talia
199 1740 253 1782 de
277 1744 322 1782 te
355 1744 617 1795 spargerent
655 1744 700 1782 et
737 1739 822 1781 illis
858 1739 1041 1795 quidem
1078 1741 1221 1797 magis
1256 1742 1521 1798 probareris.
1579 1744 1761 1787 Nullam

71 1810 235 1853 faciam
256 1810 533 1852 mentionem
557 1810 612 1852 de
637 1810 890 1852 admirabili
913 1810 1172 1854 humilitate
1194 1816 1288 1862 tua,
1315 1827 1452 1868 quam
1475 1813 1522 1856 in
1544 1815 1764 1858 electione

4 1914 7 1942 Ι
70 1881 115 1923 in
132 1895 278 1937 regem
297 1895 448 1923 coram
467 1880 683 1923 omnibus
702 1880 952 1924 declarasti.
981 1882 1328 1938 Quamprimum
1347 1883 1466 1926 enim
1485 1884 1762 1935 intellexisti,

4 1946 8 2015 j
70 1957 114 1994 te
153 1951 211 1994 ad
250 1951 416 2007 regiam
457 1951 614 1994 vocari
656 1951 939 2007 dignitatem,
983 1953 1190 2008 protinus
1221 1953 1268 1995 in
1301 1958 1468 1997 terram
1508 1960 1764 2011 prostratus

25 2022 234 2078 25gratias
255 2022 433 2065 debitas
457 2023 556 2064 Deo
578 2022 846 2078 persolvisti,
872 2022 1033 2065 deinde
1055 2023 1278 2067 veniendo
1300 2025 1563 2069 Cracoviam
1585 2026 1630 2068 in
1653 2041 1763 2082 quo-

72 2093 173 2136 dam
200 2093 414 2136 coenobio
442 2093 712 2136 sacrificium
736 2093 898 2136 missae
920 2093 1102 2145 audisti,
1126 2095 1355 2138 confessus
1381 2110 1427 2138 es
1454 2111 1577 2139 more
1605 2097 1761 2140 catho-

71 2163 152 2206 lico
173 2168 217 2206 et
239 2178 412 2206 sacram
442 2163 808 2206 communionem
842 2164 925 2206 sub
954 2178 1047 2207 una
1076 2165 1221 2220 specie
1250 2166 1416 2222 palam,
1448 2167 1761 2222 spectantibus

72 2234 277 2277 omnibus
298 2234 548 2285 haereticis,
576 2234 654 2290 qui
686 2239 732 2276 te
762 2234 808 2276 in
839 2249 987 2290 regem
1018 2236 1257 2291 elegerant,
1289 2236 1361 2292 pie
1392 2241 1437 2279 et
1469 2237 1632 2280 devote
1663 2252 1760 2293 per-

9 2292 14 2400 Ι
73 2304 238 2360 cepisti.
266 2305 305 2347 O
332 2305 589 2348 inauditam
616 2304 849 2361 pietatem,
879 2320 905 2347 o
931 2305 1237 2348 incredibilem
1264 2306 1402 2349 animi
1429 2307 1757 2350 fortitudinem.

10 2393 62 2426 13⁰
79 2375 185 2431 Quis
204 2390 406 2432 unquam
427 2390 585 2431 regum
608 2380 688 2418 aut
710 2375 964 2431 principum
986 2390 1121 2418 ausus
1142 2381 1209 2418 est
1230 2376 1276 2418 in
1298 2381 1429 2419 tanto
1450 2378 1646 2432 periculo
1668 2379 1759 2421 tale

11 2428 15 2504 ἰ
75 2445 180 2500 quid
200 2446 456 2489 attentare?
485 2446 682 2501 Eligitur
712 2446 918 2502 princeps
940 2446 1187 2489 catholicus
1208 2446 1254 2488 in
1271 2461 1420 2502 regem
1437 2448 1494 2490 ab
1509 2449 1760 2500 haereticis,

12 2514 17 2627 ἱ
75 2515 149 2571 qui
169 2531 259 2559 non
279 2517 425 2559 solum
447 2531 601 2559 secure
624 2530 669 2558 se
690 2516 775 2558 illis
797 2516 1057 2565 committit,
1082 2517 1160 2559 sed
1181 2531 1332 2559 coram
1354 2517 1438 2560 illis
1460 2533 1582 2561 more
1604 2520 1760 2562 catho-

74 2585 155 2629 lico
176 2588 428 2637 confitetur,
457 2586 765 2629 communicat
791 2592 835 2629 et
856 2586 991 2629 fidem
1015 2601 1157 2636 suam,
1182 2601 1336 2630 eorum
1359 2588 1558 2644 religioni
1581 2594 1759 2633 contra-

14 2630 19 2720 t
75 2655 183 2700 riam
217 2672 309 2701 esse
345 2663 502 2714 aperte
539 2658 751 2700 declarat.
807 2658 910 2699 Non
947 2662 1127 2699 veretur
1161 2671 1216 2700 ne
1251 2657 1298 2700 in
1332 2659 1490 2701 mediis
1526 2660 1665 2715 sylvis
1701 2662 1760 2703 ab

15 2723 334 2801 {35electoribus
364 2729 614 2777 deseratur,
647 2742 739 2770 non
769 2727 900 2770 timet
930 2742 986 2769 ne
1015 2727 1061 2769 in
1092 2728 1440 2772 detestationem
1470 2730 1573 2772 fidei
1604 2732 1760 2774 catho-

17 2805 21 2869 Ι
76 2796 181 2840 licae
202 2799 259 2841 ab
280 2799 365 2842 illis
388 2798 731 2848 transfodiatur,
757 2812 847 2840 non
870 2797 1062 2854 denique
1084 2798 1373 2854 pertimescit,
1398 2814 1453 2842 ne
1475 2801 1596 2856 regia
1618 2801 1759 2857 digni-

17 2875 22 2930 1Ι
77 2870 168 2910 tate
197 2869 429 2924 privetur;
463 2875 508 2912 et
540 2875 646 2912 sunt
679 2869 825 2912 adhuc
857 2869 1072 2918 nonnulli,
1107 2868 1184 2925 qui
1213 2869 1449 2920 mirantur,
1483 2871 1606 2927 quod
1636 2873 1759 2915 Deus

22 3196 26 3226 t

23 3241 28 3385 ἓ

26 3392 30 3490 i

78 2937 209 2981 talem
242 2939 393 2983 virum
428 2945 564 2990 amet,
601 2944 809 2996 protegat
845 2944 890 2981 et
925 2939 1172 2995 principem
1207 2954 1340 2996 super
1373 2943 1592 2998 populum
1627 2957 1759 2984 suum

199 3050 230 3071 ¹⁰
256 3051 437 3098 Bathory
466 3052 608 3087 Istvan
636 3052 767 3097 kiraly
795 3053 1028 3086 hasonnevl'i
1057 3053 1336 3088 unokaoescse.

34 3109 67 3136 40
200 3109 229 3130 ¹¹
256 3111 288 3144 A
314 3111 442 3157 kiraly
466 3123 487 3146 e
511 3112 658 3146 kovete
689 3121 783 3156 1572
814 3111 938 3157 vegen
968 3112 1207 3158 Berzeviczy
1230 3112 1389 3147 Marton
1414 3114 1512 3148 volt.

200 3167 230 3189 ¹²
256 3169 401 3204 Hosius
430 3170 640 3205 Szaniszlo.
