2188 3535
118 167 210 208 1581
244 167 369 209 szept.
409 165 444 208 1]
882 163 956 198 No.
988 172 1036 209 59
1735 170 1804 206 177

112 281 236 331 lium,
277 295 416 337 quam
453 294 557 322 cum
594 280 908 323 lustrassemus
953 295 1056 323 cum
1094 279 1370 329 cancellario,
1411 277 1534 322 visus
1571 282 1639 320 est
1677 277 1807 320 nobis

113 352 236 394 locus
260 366 342 408 pro
366 351 601 408 gymnasio
627 351 899 407 aptissimus.
944 353 1043 408 Quo
1068 351 1115 394 in
1138 351 1236 394 loco
1261 350 1395 393 unica
1419 354 1603 393 tantum
1628 353 1725 391 erat
1751 362 1806 391 ex

113 422 383 465 monialibus
422 422 577 465 vetula
616 426 661 464 et
701 436 833 464 caeca
882 427 1135 479 superstes;
1178 436 1317 478 quam
1356 435 1460 463 cum
1499 419 1807 463 visitassemus

114 497 159 535 et
200 493 521 536 indicassemus
569 492 771 535 animum
819 493 1030 549 principis
1070 507 1176 544 esse,
1220 497 1274 534 ut
1314 492 1361 534 in
1402 506 1453 534 eo
1493 491 1590 534 loco
1631 490 1809 533 scholae

63 575 81 603 5
114 564 474 614 exaedificentur,
519 563 596 606 illa
635 563 833 620 primum
874 564 1062 620 rogavit,
1108 563 1295 620 quinam
1342 576 1569 606 essemus:
1615 575 1808 617 cumque

112 634 175 675 illi
220 634 394 677 dictum
439 639 555 676 esset
600 634 915 677 cancellarium
961 649 1064 677 cum
1116 634 1430 677 concionatore
1475 633 1658 676 adesse:
1707 637 1807 674 tum

113 705 188 747 illa
206 720 261 747 ne
280 719 409 761 aegre
428 705 594 754 feratis,
622 705 782 761 inquit,
811 705 962 748 dilecti
983 705 1166 754 domini,
1193 705 1228 747 si
1255 704 1480 748 somnium
1504 718 1656 746 meum
1680 702 1809 746 vobis

114 776 389 819 recitavero:
421 775 608 819 videbar
633 790 737 818 cum
763 776 987 819 sororibus
1014 775 1124 818 meis
1149 776 1196 818 in
1227 775 1387 818 sacello
1414 779 1570 818 nostro
1599 787 1808 830 praesens

115 847 279 889 divinis
303 847 514 889 laudibus
538 847 751 890 interesse
776 852 821 890 et
845 849 978 890 horas
1004 847 1241 890 canonicas
1272 850 1487 889 consueto
1513 859 1636 888 more
1660 859 1809 887 recen-

66 929 100 956 10
115 933 208 960 sere
229 931 237 967 ;
268 918 432 974 quibus
458 918 611 968 finitis,
641 918 703 960 sic
730 933 802 961 me
829 919 1054 975 quaedam
1081 932 1136 960 ex
1164 917 1390 960 sororibus
1422 916 1685 972 compellere
1712 915 1810 958 visa

115 993 183 1031 est
200 1003 208 1030 :
231 990 391 1038 Mater,
409 989 599 1040 noveris,
619 990 742 1045 quod
760 989 807 1032 in
825 990 910 1032 hoc
929 990 1026 1032 loco
1047 988 1224 1031 scholae
1244 986 1491 1030 catholicae
1514 990 1782 1029 extruentur
1797 999 1806 1036 ;

115 1059 280 1116 quibus
312 1060 445 1102 dictis
477 1060 712 1115 disparuit.
748 1061 879 1103 Nunc
913 1074 1015 1116 ergo
1047 1074 1138 1102 non
1171 1059 1316 1101 solum
1347 1072 1438 1100 non
1477 1057 1619 1106 doleo,
1654 1071 1812 1099 verum

117 1131 256 1173 etiam
295 1131 586 1173 vehementer
624 1131 779 1181 laetor,
823 1131 946 1187 quod
983 1129 1288 1173 habitationes
1333 1132 1513 1171 nostrae
1552 1127 1599 1169 in
1637 1127 1812 1170 scholas

116 1206 484 1253 commutantur;
532 1206 576 1244 et
613 1203 709 1244 Deo
745 1202 913 1258 gratias
949 1216 1046 1257 ago,
1085 1200 1208 1257 quod
1242 1200 1340 1242 loca
1375 1203 1532 1241 nostra
1566 1197 1731 1240 iterum
1766 1197 1813 1239 in

67 1283 101 1311 15
117 1287 278 1315 manus
310 1272 617 1328 religiosorum
650 1273 849 1315 virorum
882 1271 1181 1328 pervenerint.
1224 1271 1323 1326 Quo
1357 1269 1528 1318 audito,
1568 1268 1812 1324 plurimum

116 1343 297 1399 gavisus
330 1348 397 1386 est
431 1344 732 1393 cancellarius,
768 1343 926 1385 videns
960 1342 1178 1385 divinitus
1210 1342 1359 1384 locum
1398 1338 1813 1383 commodissimum

117 1429 197 1470 pro
232 1414 393 1456 scholis
428 1414 563 1456 fuisse
598 1414 973 1456 demonstratum.
1010 1413 1176 1455 Vetula
1209 1412 1285 1455 illa
1326 1411 1460 1467 paulo
1495 1415 1598 1466 post
1633 1410 1705 1466 pie
1740 1409 1813 1452 de-

117 1484 275 1527 functa
289 1489 370 1534 est,
389 1485 608 1540 susceptis
624 1484 832 1527 ecclesiae
845 1483 1137 1526 sacramentis
1151 1489 1196 1526 et
1211 1483 1390 1539 sepulta
1401 1482 1447 1524 in
1460 1481 1630 1537 templo
1643 1485 1810 1523 nostro.

247 1555 425 1598 Tertius
446 1569 548 1610 ergo
569 1557 706 1605 locus,
731 1570 866 1611 quem
887 1556 1107 1598 habemus
1128 1554 1175 1597 in
1193 1552 1533 1610 Transylvania,
1562 1556 1630 1594 est
1656 1566 1813 1594 coeno-

67 1637 101 1664 20
117 1626 243 1669 bium
263 1626 399 1675 istud,
425 1626 548 1682 quod
568 1627 788 1669 habemus
809 1626 930 1669 intra
952 1625 1292 1682 Claudiopolim,
1323 1639 1427 1666 cum
1448 1623 1619 1679 templo
1641 1622 1811 1678 magni-

116 1698 236 1747 fico‚⁶
256 1698 389 1739 horto
411 1702 456 1739 et
479 1697 652 1740 scholis.
677 1698 822 1740 Locus
844 1702 912 1739 est
929 1697 1248 1753 quietissimus,
1272 1696 1402 1738 iuxta
1423 1694 1602 1737 moenia
1617 1692 1816 1736 civitatis

117 1773 163 1810 et
207 1768 523 1823 amplissimus,
575 1768 820 1824 paucisque
864 1767 1071 1824 expensis
1116 1768 1175 1810 ad
1218 1781 1351 1809 usum
1395 1770 1602 1808 nostrum
1647 1763 1815 1821 poterit

117 1839 460 1881 accommodari.
529 1840 602 1881 Ad
653 1839 889 1895 utriusque
955 1838 1145 1881 aedificii
1208 1842 1499 1886 structuram,
1562 1835 1816 1878 scholarum

117 1909 283 1952 scilicet
314 1915 359 1952 et
389 1910 573 1965 collegii,
605 1910 724 1952 mille
753 1911 944 1953 florenos
972 1909 1222 1966 Ungaricos
1244 1909 1452 1965 princeps
1481 1905 1816 1950 Illustrissimus

68 1991 103 2018 25
118 1980 246 2023 annis
267 1980 451 2036 singulis
473 1981 580 2023 dare
602 1980 852 2031 constituit,
887 1981 1028 2024 donec
1050 1980 1202 2024 omnia
1224 1979 1391 2022 fuerint
1414 1978 1626 2035 perfecta.
1652 1978 1815 2032 Itaque

117 2051 163 2094 in
197 2051 433 2094 civitatem
480 2052 773 2108 migravimus
818 2053 905 2094 hoc
939 2066 1057 2095 anno
1104 2052 1213 2105 1581
1263 2065 1415 2093 mense
1449 2049 1605 2105 Aprili,
1660 2047 1816 2090 relicto

116 2124 162 2165 in
186 2123 549 2165 Colosmonostra
570 2137 660 2165 uno
692 2128 821 2179 patre
853 2122 1029 2166 novicio
1052 2124 1248 2178 Ungaro,
1289 2121 1367 2178 qui
1398 2134 1553 2162 curam
1583 2118 1669 2161 loci
1699 2117 1815 2160 illius

119 2198 164 2235 et
183 2194 406 2236 bonorum
426 2193 745 2249 temporalium
764 2194 963 2236 haberet.
988 2193 1136 2236 Servit
1155 2207 1275 2235 nunc
1294 2191 1424 2235 nobis
1454 2191 1815 2234 Colosmonostra

118 2264 215 2307 loco
256 2264 568 2308 recreationis:
613 2279 819 2307 successu
840 2264 1056 2320 temporis
1098 2263 1265 2320 poterit
1307 2277 1362 2305 ex
1403 2262 1479 2304 illa
1518 2260 1614 2303 fieri
1655 2259 1815 2301 domus

70 2344 106 2371 3⁰
120 2335 354 2391 aptissima
381 2350 462 2392 pro
490 2335 689 2378 noviciis.

235 2407 372 2449 Porro
415 2406 729 2449 Serenissimus
769 2420 848 2449 rex
889 2405 1100 2449 Poloniae
1141 2410 1186 2448 et
1228 2402 1561 2446 Illustrissimus
1609 2400 1815 2457 princeps

120 2477 474 2533 Transylvaniae
507 2478 687 2533 plenam
719 2476 1078 2525 universitatem,
1114 2475 1207 2518 sive
1240 2473 1532 2517 Academiam
1570 2471 1814 2514 constitue-

120 2552 226 2589 runt
267 2548 340 2590 hic
382 2548 662 2603 Claudiopoli
704 2547 881 2603 erigere,
925 2547 972 2589 in
1013 2546 1261 2589 utilitatem
1303 2544 1445 2587 totius
1488 2542 1640 2599 regni;
1690 2541 1816 2584 cuius

120 2623 220 2661 tota
255 2633 362 2662 cura
397 2619 455 2662 sit
491 2619 613 2675 apud
647 2623 824 2661 nostros
859 2623 1023 2674 patres.
1068 2616 1191 2659 Nihil
1224 2616 1296 2658 hic
1331 2613 1563 2657 molestiae
1596 2613 1816 2656 habemus

73 2697 148 2731 35a
174 2690 419 2740 monachis,
452 2703 478 2732 a
507 2689 831 2746 professoribus
877 2687 1241 2736 universitatum,
1280 2691 1359 2729 aut
1389 2701 1415 2728 a
1443 2684 1681 2734 canonicis,
1712 2697 1816 2726 cum

122 2760 234 2802 tales
267 2760 351 2803 viri
383 2761 494 2803 nulli
526 2760 709 2803 omnino
742 2759 833 2802 sint
865 2759 912 2802 in
942 2760 1028 2801 hoc
1061 2771 1225 2814 regno;
1269 2757 1347 2800 sed
1380 2756 1586 2813 quietum
1618 2759 1664 2797 et
1696 2753 1816 2810 paci-

122 2830 257 2873 ficum
299 2832 568 2874 habebimus
611 2831 910 2887 gymnasium.
957 2829 1134 2873 Bellum
1185 2828 1314 2871 nobis
1358 2832 1541 2870 tanturn
1585 2825 1669 2869 erit
1713 2839 1816 2867 cum

122 2900 369 2952 haereticis,
407 2916 511 2945 cum
546 2902 711 2959 quibus
763 2901 959 2958 expertis
1000 2905 1228 2943 certamen
1262 2913 1353 2941 non
1388 2898 1533 2941 solum
1568 2901 1635 2939 est
1671 2895 1814 2944 facile,

124 2971 202 3012 sed
233 2973 372 3016 etiam
405 2973 746 3029 periucundum.
786 2973 938 3028 Longe
971 2970 1090 3015 enim
1122 2974 1347 3013 nostrates
1379 2967 1593 3012 haeretici
1625 2965 1816 3009 mitioris

77 3045 231 3082 40sunt
265 3049 468 3094 naturae,
507 3059 646 3101 quam
682 3043 810 3093 Galli,
850 3047 931 3086 aut
967 3041 1191 3085 Germani.
1231 3042 1317 3083 Pro
1359 3039 1625 3082 fundatione
1661 3041 1816 3080 autem

253 3142 267 3162 ⁸
296 3139 482 3179 Athuzva
496 3158 504 3179 :
535 3145 792 3190 amplissimo.

195 3223 300 3249 Fontes
322 3224 427 3251 Rerum
448 3226 733 3259 Transylvanicarum
758 3227 780 3252 1.
1634 3218 1675 3242 1²
