2188 3535
122 180 314 226 15741'1‘11.
353 182 416 226 15]
893 187 964 222 No.
1000 200 1024 233 4
1755 197 1779 230 9

114 301 159 339 et
194 297 632 344 confoederationem
668 301 786 345 inter
821 318 896 347 eos
933 309 1271 364 composuisset,
1305 310 1492 353 tandem
1518 312 1641 367 quod
1666 318 1807 356 testa-

113 372 266 410 mento
298 383 325 411 a
357 371 509 425 regulo
542 385 769 416 successor
801 379 845 416 et
879 377 1034 420 haeres
1067 381 1191 435 regni
1224 381 1501 425 constitutus
1534 388 1664 434 esset,
1700 399 1803 428 cum

112 439 308 481 exercitu
334 438 394 482 ad
418 441 682 485 electionem
708 445 815 487 novi
841 447 1054 504 principis
1080 449 1127 492 in
1152 466 1257 494 eum
1281 452 1444 502 locum,
1473 468 1564 510 quo
1589 455 1805 498 nobilitas

111 509 462 565 Transylvaniae
489 521 775 565 convenerat,
806 520 1080 572 properavit.
1113 521 1199 564 Sed
1225 523 1354 578 longe
1382 524 1512 566 aliter
1538 539 1607 567 res
1634 527 1800 576 evenit,

65 595 81 622 5
110 593 247 635 quam
278 580 351 623 ille
381 590 655 638 speraverat.
691 586 916 630 Nobilitas
948 590 1068 634 enim
1101 594 1467 649 Transylvanica,
1492 609 1596 638 cum
1628 597 1802 639 videret

110 654 255 693 totam
298 651 426 695 litem
469 655 638 697 versari
680 656 798 699 inter
841 659 966 710 duos,
1013 662 1091 717 qui
1134 664 1194 705 ad
1235 666 1478 719 regendam
1520 667 1802 722 provinciam

109 720 303 764 maxime
338 723 487 767 idonei
525 731 571 767 et
611 727 923 784 suffici[en]tes
963 731 1236 785 viderentur,
1277 736 1532 792 Gasparum
1572 739 1716 781 Bekes
1755 744 1800 781 et

108 791 388 847 Stephanum
427 796 646 853 Bathory,
672 804 716 840 et
748 799 875 843 illum
914 802 1097 858 quidem
1136 805 1307 848 divitiis
1344 812 1390 849 et
1428 809 1634 863 potentia
1670 810 1800 865 longe

106 863 379 917 superiorem
408 880 514 917 esse,
546 869 625 910 sed
653 870 785 912 aedili
814 872 1117 918 Valachorum
1146 876 1318 919 familia
1347 883 1511 929 ortum,
1542 881 1662 922 hunc
1690 895 1800 923 vero

61 933 339 977 1ohaereticis
369 936 518 980 minus
547 942 784 994 gratum,1⁰
819 943 942 999 quod
985 951 1100 987 esset
1145 948 1360 1004 antiquae
1403 949 1507 991 fidei
1551 951 1801 993 catholicae

104 1003 327 1058 professor
356 1013 401 1049 et
431 1016 741 1065 propugnator
769 1014 1024 1065 acerrimus,
1058 1017 1136 1058 sed
1165 1031 1220 1059 ex
1250 1018 1567 1074 antiquissima
1596 1027 1641 1063 et
1672 1022 1798 1064 nobi-

103 1074 272 1118 lissima
303 1078 527 1134 Ungariae
557 1081 780 1126 baronum
811 1084 982 1128 familia
1013 1086 1282 1130 oriundum:
1318 1089 1480 1145 Itaque
1511 1090 1586 1134 illo
1615 1092 1794 1142 reiecto,

103 1145 221 1188 hunc
244 1147 290 1189 in
313 1149 562 1206 principem
585 1153 938 1209 Transylvaniae
962 1156 1138 1212 delegit,
1178 1172 1230 1200 ea
1253 1159 1524 1211 conditione,
1564 1176 1619 1204 ne
1643 1177 1799 1219 quern-

103 1230 241 1271 quam
263 1218 310 1261 in
336 1234 416 1263 sua
450 1222 538 1264 fide
573 1224 710 1265 armis
744 1232 1100 1281 persequeretur,
1139 1229 1217 1270 sed
1251 1229 1521 1286 relinqueret
1556 1233 1800 1289 unicuique

57 1287 288 1332 15liberam
327 1292 539 1347 amplecti
574 1293 724 1344 fidem,
761 1309 900 1351 quam
927 1297 1075 1339 vellet.
1120 1299 1238 1341 Hinc
1271 1302 1475 1344 aemulus
1507 1303 1602 1345 eius
1633 1304 1791 1354 Bekes,

101 1371 205 1401 curn
242 1374 319 1416 spe
357 1361 627 1406 frustratum
664 1378 709 1406 se
747 1365 947 1416 vidisset,
988 1369 1136 1424 coepit
1175 1371 1350 1426 magnis
1387 1373 1584 1416 invidiae
1622 1374 1799 1417 facibus

100 1429 334 1481 stimulari,
375 1437 484 1475 tunc
522 1439 677 1476 tamen
714 1436 817 1478 odio
855 1436 1151 1489 dissimulato,
1203 1455 1375 1485 novum
1407 1444 1656 1501 principem
1693 1460 1797 1488 cum

98 1499 196 1542 aliis
221 1501 446 1545 nobilibus
472 1510 713 1547 veneratus
739 1512 820 1557 est,
851 1508 929 1550 sed
955 1510 1171 1553 subiicere
1198 1526 1243 1554 se
1270 1513 1333 1555 illi
1360 1515 1544 1558 omnino
1570 1517 1796 1559 recusavit

98 1583 201 1613 curn
233 1572 506 1627 quibusdam
539 1576 637 1618 aliis
669 1591 775 1619 suae
808 1578 1019 1622 factionis
1051 1582 1289 1626 nobilibus.
1327 1586 1542 1629 Habebat
1574 1587 1646 1630 hic
1678 1588 1797 1629 inter

52 1640 206 1683 zoalias
238 1656 360 1686 arces
392 1659 531 1688 unam
565 1647 872 1699 fortissimam,
908 1651 1120 1695 humanis
1152 1653 1324 1697 viribus
1356 1657 1486 1713 quasi
1517 1658 1794 1714 inexpugna-

96 1711 244 1763 bilem,
271 1728 387 1770 quae
412 1717 586 1772 vulgari
610 1718 763 1775 lingua
788 1721 984 1777 Fogaras
1010 1723 1187 1774 dicitur,
1205 1731 1250 1767 et
1267 1741 1383 1782 quae
1404 1733 1591 1784 propter
1614 1730 1795 1785 amplis-

96 1781 230 1826 simos
260 1792 510 1840 proventus
541 1789 715 1832 dimidii
747 1791 837 1834 fere
868 1794 992 1848 regni
1023 1795 1169 1850 pretio
1200 1797 1542 1842 aestimabatur,
1592 1801 1647 1843 In
1677 1802 1793 1843 hanc

94 1853 165 1896 ille
199 1858 351 1899 totum
384 1859 507 1914 regni
542 1861 806 1904 thesaurum
840 1864 992 1906 subito
1025 1871 1128 1921 post
1164 1873 1358 1911 mortem
1392 1870 1532 1926 reguli
1566 1886 1589 1914 e
1622 1872 1795 1928 palatio

95 1924 187 1967 eius
208 1926 398 1971 iusserat
422 1934 742 1986 transportare,
767 1948 902 1989 quem
921 1950 1025 1979 cum
1054 1951 1200 1980 novus
1229 1939 1435 1997 princeps
1451 1946 1496 1983 et
1518 1944 1793 1997 gubernator

49 1995 459 2053 25Transylvaniae,
495 2002 751 2058 Stephanus
777 2005 983 2062 Bathory
1008 2013 1230 2063 repeteret
1269 2024 1351 2066 pro
1385 2013 1508 2068 regni
1534 2013 1791 2056 defensione

94 2070 138 2108 et
170 2071 523 2122 conservatione,
558 2078 741 2117 tanturn
774 2077 916 2127 abest,
950 2083 1001 2120 ut
1032 2079 1216 2122 reddere
1254 2083 1403 2132 vellet,
1443 2089 1495 2125 ut
1532 2085 1672 2127 etiarn
1709 2085 1790 2126 im-

94 2137 266 2190 bellem,
304 2142 617 2187 effeminatum
647 2150 692 2187 et
726 2147 975 2202 paedosum
1022 2149 1149 2193 illurn
1197 2153 1497 2208 appellitaret,
1548 2156 1790 2211 palamque

93 2207 132 2249 ei
152 2208 390 2254 insultaret
413 2218 458 2255 et
481 2215 686 2270 plurimis
704 2217 1002 2262 insectaretur
1024 2221 1249 2264 conviciis.
1290 2224 1374 2266 His
1392 2224 1563 2268 iniuriis
1582 2227 1788 2281 Bathory

91 2281 299 2336 acceptis,
328 2284 510 2338 gavisus
536 2291 604 2329 est
631 2287 800 2331 iustam
827 2289 912 2332 sibi
939 2291 1097 2333 datam
1126 2306 1219 2334 esse
1247 2294 1527 2338 occasionem
1553 2296 1787 2339 inimicum

46 2359 80 2386 3⁰
91 2362 216 2394 sacro
244 2358 428 2397 sanctae
456 2356 615 2399 triadis
643 2363 689 2400 et
719 2360 842 2415 regni
872 2362 1155 2405 turbatorem
1200 2368 1489 2420 expugnandi
1518 2372 1563 2408 et
1594 2381 1616 2410 e
1650 2381 1786 2423 regno

91 2420 304 2466 eiiciendi.
354 2426 617 2483 Conscripto
662 2429 800 2485 igitur
844 2432 1058 2482 exercitu,
1106 2433 1232 2476 iubet
1278 2449 1427 2479 arcem
1474 2437 1782 2488 fortissimam,

90 2490 136 2533 in
158 2507 249 2548 qua
272 2495 344 2537 ille
368 2497 608 2549 residebat,
636 2500 839 2543 obsidere
865 2507 909 2544 et
935 2516 1209 2559 oppugnare,
1236 2506 1509 2561 promittens
1533 2523 1579 2551 se
1604 2523 1784 2566 quoque

90 2562 214 2606 brevi
235 2567 623 2623 subsequuturum
645 2576 690 2613 et
713 2586 758 2613 re
781 2572 880 2628 ipsa
901 2578 1202 2625 ostensurum,
1221 2590 1266 2618 se
1282 2591 1373 2620 non
1388 2592 1531 2634 usque
1554 2580 1666 2622 adeo
1689 2594 1783 2622 esse

89 2631 327 2687 imbellem,
359 2644 410 2680 ut
430 2640 575 2683 Bekes
606 2642 794 2685 ridendo
827 2644 1204 2697 calumniabatur,
1240 2648 1405 2691 milites
1437 2655 1618 2693 strenue
1651 2665 1784 2694 suum

46 2702 287 2750 *sna-›fficium
320 2716 607 2766 exequentes,
643 2713 805 2769 exiguo
839 2714 1088 2759 admodum
1123 2730 1203 2760 suo
1237 2718 1418 2770 damno,
1449 2720 1570 2764 intra
1592 2721 1783 2765 biduum

90 2788 300 2831 magnam
320 2781 434 2823 arcis
455 2788 633 2837 partem
653 2785 797 2839 globis
818 2785 1053 2828 diruerunt
1073 2801 1083 2838 ;
1107 2802 1198 2845 qua
1217 2803 1264 2831 re
1285 2790 1430 2833 Bekes
1451 2797 1780 2843 consternatus,

90 2845 271 2899 veritus,
295 2864 351 2892 ne
376 2865 480 2895 cum
512 2855 725 2898 thesauro
757 2860 803 2898 et
835 2871 935 2899 arce
968 2863 1106 2913 caput
1139 2859 1272 2902 simul
1304 2862 1598 2914 ammitteret,
1633 2864 1781 2920 coepit

91 2914 144 2957 de
171 2917 277 2974 fuga
305 2922 514 2977 cogitare.
548 2925 711 2981 Itaque
740 2932 899 2982 aperto
927 2930 1140 2972 thesauro
1168 2931 1366 2974 sarcinas
1394 2933 1567 2990 aliquot
1596 2949 1706 2978 auro
1734 2939 1779 2976 et

90 2990 276 3040 gemmis
296 2991 468 3048 implet,
491 2996 772 3051 explosiones
803 2999 1158 3044 bombardarum
1192 3002 1301 3052 fieri,
1340 3018 1395 3046 ne
1431 3005 1583 3047 hostes
1619 3020 1780 3061 appro-

95 3063 1780 3088 Ἣ

45 3088 80 3115 40
216 3088 246 3110 ²⁰
275 3091 475 3139 Kornyati
504 3095 631 3131 Bekes
661 3097 815 3144 Gaspar
843 3099 935 3133 olah
964 3100 1234 3136 szarmazasat
1267 3103 1465 3139 kortarsai
1494 3106 1611 3139 koziil
1641 3106 1782 3140 masok

91 3142 123 3176 is
149 3148 314 3185 emlitik.
