2188 3535
133 231 221 272 1581
261 238 349 272 aug.
385 227 449 270 22]
895 226 968 260 No.
1000 229 1045 269 58
1747 227 1812 267 165

128 360 221 388 esse
253 347 516 401 Ungarum;
551 358 631 386 nec
664 343 700 385 si
732 343 872 386 velint
907 344 1141 393 divertere,
1176 342 1509 399 suscipiuntur:
1545 341 1611 384 ita
1641 346 1693 383 ut
1726 355 1817 383 non

128 422 223 459 tam
257 416 303 458 in
336 415 547 471 Ungaria‚
584 429 723 471 quam
756 414 802 456 in
836 414 1022 457 Polonia
1063 414 1298 456 videamur
1331 427 1452 456 esse:
1489 427 1570 455 nec
1604 417 1701 455 tam
1732 413 1817 454 hoc

126 487 360 543 collegium
383 486 672 542 Ungaricum‚
697 499 835 540 quam
859 485 1120 527 Polonicum
1142 485 1303 527 merito
1335 485 1421 527 dici
1445 484 1598 540 possit.
1624 482 1816 532 Famufi,

125 558 268 600 instar
315 557 454 607 fluvii,
516 557 664 598 fluunt
721 561 765 598 et
822 556 1031 606 refluunt,
1085 556 1284 598 dicentes
1333 570 1378 598 se
1427 570 1518 598 non
1574 568 1703 610 posse
1760 554 1818 596 ob

79 645 96 671 5
126 629 420 671 tenacitatem
452 627 569 670 illius
606 626 801 669 hominis
838 627 1009 669 diutius
1045 627 1168 682 apud
1202 641 1284 669 nos
1320 640 1615 682 perseverare.

241 701 339 742 Hoc
364 713 483 741 anno
510 699 619 752 1581
646 698 769 740 iussu
793 698 933 753 ipsius
957 698 1141 740 rectoris
1168 709 1233 751 15.
1260 697 1385 753 Junii
1410 697 1599 740 conveni
1624 695 1819 738 iudicem

124 770 257 812 huius
292 770 523 813 civitatis⁷
559 784 663 812 cum
694 769 900 811 ministro
933 769 988 811 de
1019 769 1292 824 quibusdam
1323 770 1468 811 rebus.
1514 767 1601 823 Qui
1622 767 1821 822 graviter

124 846 397 897 conquestus
440 845 522 890 est,
568 840 692 896 quod
735 840 921 895 indigna
963 840 1188 896 quaedam
1232 840 1291 883 ad
1334 854 1437 882 eum
1480 838 1727 894 scripsisset
1772 842 1817 879 et

124 917 361 969 tamquam
396 911 632 967 mancipiis
670 911 910 953 minitatus
949 910 1131 953 fuisset:
1175 916 1220 953 et
1252 915 1532 967 protestatus
1564 914 1645 958 est,
1679 908 1816 965 quod,

78 983 207 1025 innisi
234 983 482 1026 abstineret
512 984 570 1025 ab
597 982 856 1024 huiusmodi
885 982 1111 1031 conviciis,
1142 996 1187 1024 se
1215 996 1309 1024 rem
1338 982 1397 1023 ad
1423 980 1671 1037 principem
1699 979 1819 1021 dela—

124 1059 290 1097 turum.
327 1055 445 1096 Item
478 1054 668 1109 ipsemet
702 1053 789 1095 alia
814 1053 910 1096 vice
943 1053 1054 1095 adiit
1087 1053 1294 1102 iudicem,
1329 1052 1407 1108 qui
1439 1057 1548 1093 tunc
1580 1051 1626 1092 in
1658 1055 1819 1092 senatu

123 1130 248 1167 erat:
281 1125 566 1167 intromissus
597 1129 663 1166 est
695 1129 739 1166 et
770 1130 929 1173 rector,
961 1124 1040 1180 qui
1069 1124 1128 1166 ad
1157 1123 1415 1166 ministrum
1445 1122 1574 1171 dixit,
1606 1121 1819 1163 audiente

122 1196 267 1238 iudice
324 1201 369 1238 et
421 1195 733 1238 senatoribus:
781 1196 849 1237 Tu
894 1195 1098 1237 minister
1142 1195 1200 1236 sis
1244 1194 1354 1236 mihi
1398 1192 1540 1235 fidelis
1584 1191 1817 1246 interpres,

122 1267 287 1309 referas
325 1281 427 1309 mea
465 1267 550 1308 illis
589 1267 728 1308 verba
766 1266 957 1308 fideliter
996 1271 1041 1308 et
1080 1266 1257 1308 illorum
1296 1264 1434 1307 mihi:
1493 1269 1538 1305 et
1577 1276 1819 1304 conversus

78 1352 110 1379 15
122 1338 182 1380 ad
206 1338 323 1380 illos:
354 1340 490 1394 QuaS,
517 1338 679 1393 inquit,
707 1337 783 1379 isti
808 1337 918 1378 mihi
944 1351 1086 1392 nugas
1110 1342 1297 1379 narrant
1318 1350 1327 1386 ;
1355 1334 1507 1378 mirati
1533 1339 1638 1376 sunt
1654 1330 1820 1375 'omnes

122 1409 325 1451 homines
358 1408 574 1451 furiosam
607 1407 846 1450 audaciam
879 1413 924 1449 et
957 1407 1257 1463 impotentem
1289 1405 1582 1449 iracundiam.

254 1479 341 1522 Sed
366 1480 420 1521 de
445 1479 647 1521 moribus
671 1484 716 1520 et
742 1478 879 1534 gestis
904 1478 1034 1520 istius
1059 1478 1253 1521 hominis
1277 1479 1387 1520 haec
1413 1491 1560 1533 pauca
1584 1490 1638 1518 ex
1664 1474 1820 1517 multis

122 1550 362 1592 sufficiant.
401 1551 520 1592 Nam
555 1549 590 1591 si
625 1549 760 1592 velim
796 1549 970 1604 singula
1005 1549 1098 1591 eius
1133 1549 1255 1592 facta
1293 1549 1454 1591 referre
1492 1552 1536 1590 et
1569 1561 1638 1589 res
1669 1560 1740 1589 me
1775 1550 1820 1588 et

124 1626 304 1677 tempus
342 1621 475 1663 citius
514 1621 737 1670 deficeret,
779 1634 917 1676 quarn
956 1621 1091 1663 finem
1132 1621 1344 1663 narrandi
1382 1619 1643 1662 invenirem.

76 1706 110 1733 20
238 1691 380 1734 Venio
409 1694 468 1735 ad
497 1692 672 1741 fratres,
706 1691 760 1734 de
790 1692 954 1748 quibus
983 1693 1067 1733 hoc
1098 1706 1282 1747 possum
1324 1691 1469 1734 dicere
1514 1690 1708 1745 (duobus
1746 1702 1820 1730 ex-

125 1763 279 1819 ceptis,
319 1763 574 1805 Guilhelmo
611 1763 757 1818 Anglo
795 1768 840 1805 et
880 1762 1177 1818 Cracoviensi)
1219 1777 1291 1805 me
1328 1777 1419 1805 non
1457 1761 1621 1804 vidisse
1659 1760 1821 1802 fratres

124 1834 273 1877 minus
293 1834 519 1890 religiosos
541 1838 586 1877 et
619 1834 712 1876 sine
735 1834 909 1890 spiritu,
935 1848 1074 1890 quam
1096 1840 1201 1876 sunt
1224 1834 1312 1876 isti,
1353 1834 1408 1875 In
1444 1831 1719 1875 recreatione
1755 1830 1822 1871 ita

125 1905 336 1955 clamant,
377 1919 428 1947 ac
466 1905 502 1947 si
539 1910 687 1947 essent
725 1904 771 1947 in
808 1906 999 1947 taberna
1036 1910 1116 1947 aut
1154 1905 1200 1947 in
1238 1905 1334 1947 foro
1372 1908 1704 1960 perstrepentes
1741 1915 1823 1943 sua

124 1976 276 2031 lingua
316 1976 539 2019 Polonica.
584 1976 735 2018 Primo
774 1990 906 2025 anno,
949 1991 1039 2032 quo
1078 1976 1302 2032 ingressus
1341 1981 1408 2018 est
1448 1980 1594 2017 rector
1631 1975 1718 2015 huc
1766 1987 1821 2014 ex

77 2047 324 2097 ffiPolonia‚
363 2047 617 2089 adduxerat
654 2061 805 2089 secum
843 2060 868 2102 7
906 2048 1080 2097 fratres,
1119 2062 1173 2089 ex
1210 2048 1374 2103 quibus
1397 2052 1594 2103 quatuor
1616 2042 1821 2099 magistri

126 2123 267 2168 erant,
285 2119 363 2160 sed
392 2118 517 2170 tales,
552 2122 603 2160 ut
636 2118 785 2160 nullus
815 2118 933 2160 inter
964 2133 1038 2161 eos
1070 2124 1200 2168 esset,
1234 2118 1311 2174 qui
1342 2133 1484 2160 unum
1516 2129 1696 2159 carmen
1728 2114 1821 2156 sine

126 2189 238 2232 vitio
260 2189 461 2232 scivisset
486 2203 753 2244 componere
775 2194 819 2231 et
840 2204 958 2231 unus
979 2204 1033 2232 ex
1055 2190 1153 2239 illis,
1184 2189 1432 2244 Jancovius
1453 2202 1533 2230 sua
1554 2185 1821 2228 crudelitate

126 2261 294 2303 multos
334 2260 380 2302 in
421 2260 641 2316 principio
683 2275 709 2302 a
750 2260 915 2302 nostris
956 2260 1118 2303 scholis
1159 2259 1415 2303 absterruit.
1450 2260 1557 2301 Tres
1589 2257 1662 2299 alii
1694 2260 1824 2297 erant

128 2331 438 2374 coadiutores:
486 2331 757 2373 Laurentius
787 2336 928 2381 sutor,
963 2331 1040 2387 qui
1073 2331 1144 2387 pie
1175 2336 1382 2373 mortuus
1414 2334 1510 2379 est;
1545 2327 1826 2370 Guilhelmus

78 2414 113 2441 30
128 2403 310 2458 Anglus,
352 2402 430 2458 qui
469 2402 749 2444 infirmorum
789 2416 943 2444 curam
981 2403 1119 2444 habet
1159 2407 1204 2443 et
1243 2402 1457 2443 Albertus
1495 2413 1639 2447 cocus,
1689 2398 1826 2439 homo

129 2474 337 2523 Polonus,
376 2473 642 2529 pigerrimus
679 2478 724 2514 et
763 2473 856 2514 sine
893 2473 983 2515 ullo
1021 2472 1195 2528 spiritu,
1235 2472 1304 2514 bis
1341 2476 1566 2527 apostata,
1607 2469 1683 2525 qui
1721 2473 1824 2523 post

128 2556 152 2587 2
188 2559 363 2587 menses
398 2558 599 2600 egressus
635 2549 702 2586 est
739 2548 783 2585 et
820 2543 958 2585 servit
993 2543 1039 2585 in
1073 2542 1403 2599 Transylvania
1438 2541 1561 2597 apud
1595 2539 1824 2596 quendam

128 2615 337 2665 nobilem,
376 2629 541 2671 magno
578 2619 733 2657 nostro
770 2614 986 2656 dedecore
1022 2619 1067 2656 et
1104 2614 1329 2663 scandalo,
1368 2615 1504 2655 homo
1539 2612 1744 2667 impurus
1780 2615 1825 2652 et

129 2686 328 2729 ebriosus
377 2687 546 2728 multos
583 2700 610 2728 a
646 2685 776 2727 nobis
825 2685 1053 2728 alienavit.
1108 2685 1248 2727 Paulo
1299 2690 1401 2740 post
1452 2683 1592 2726 exivit
1631 2687 1675 2724 et
1713 2681 1827 2724 alius

81 2767 116 2794 35
130 2757 274 2799 socius
305 2757 436 2806 illius,
472 2757 648 2799 iuvenis
681 2756 874 2798 furiosus
908 2761 1091 2806 sarctor,
1126 2755 1310 2798 natione
1343 2756 1607 2804 Germanus,
1643 2753 1722 2795 sed
1753 2752 1826 2794 hic

131 2827 278 2869 minus
318 2828 448 2870 nobis
490 2827 702 2870 scandalo
745 2827 844 2869 fuit.
892 2829 1036 2870 Recta
1077 2827 1196 2869 enim
1238 2826 1434 2882 perrexit
1476 2826 1521 2867 in
1575 2824 1824 2872 Poloniam‚

131 2898 249 2940 unde
281 2899 444 2941 missus
490 2903 598 2941 erat.
661 2899 953 2941 Intraverant
987 2898 1059 2939 hic
1094 2898 1183 2940 duo
1217 2897 1291 2940 alii
1325 2896 1503 2947 novicii,
1539 2910 1656 2938 unus
1691 2896 1822 2943 Saxo,

133 2967 246 3010 alter
289 2970 641 3026 Transylvanus,
708 2969 787 3011 sed
834 2969 1041 3012 videntes
1089 2968 1428 3011 dissolutionem
1476 2968 1682 3016 fratrum,
1733 2980 1825 3007 non

135 3037 210 3079 diu
243 3045 598 3093 perseverarunt.

86 3118 121 3145 40
249 3110 347 3151 Hoc
366 3124 483 3152 anno
505 3112 613 3164 1581
634 3111 757 3153 missi
777 3111 959 3153 fuerunt
980 3110 1186 3166 expensis
1204 3110 1318 3166 regis
1337 3115 1428 3154 tres
1446 3110 1520 3152 alii
1540 3108 1824 3152 coadiutores

262 3210 276 3231 ⁷
306 3212 538 3247 Kolozsvari
566 3213 695 3248 fobiro
723 3215 846 3249 ekkor
873 3214 1065 3249 Wolflard
1095 3213 1248 3248 Istvan.
