2188 3535
173 193 266 228 1577
298 181 383 225 ji'm.
420 184 483 226 24]
940 185 1015 219 No.
1058 196 1099 229 17
1821 195 1866 230 59

169 298 306 347 tendi,
334 299 370 341 si
394 313 538 341 novae
562 300 723 342 turbae
749 314 840 342 non
864 300 1147 356 impedirent.
1175 301 1306 343 Nunc
1331 314 1436 343 vero
1461 300 1603 342 nostri
1629 300 1863 343 Austriaci

169 370 235 412 ita
254 383 347 412 rem
366 374 540 425 gerunt,
562 374 615 411 ut
634 370 877 413 videantur
895 385 986 413 non
1007 371 1185 414 missuri
1204 385 1298 420 nos,
1321 371 1460 413 etiam
1479 370 1516 413 si
1535 370 1689 413 omnia
1710 384 1863 413 neces·

169 440 286 482 saria
307 454 361 482 ex
377 439 706 495 Transylvania
723 440 1026 484 mitterentur.
1054 443 1179 498 Quae
1202 441 1317 484 ratio
1340 441 1502 484 suadet
1524 441 1664 484 etiam
1688 441 1862 483 missio-

169 524 273 553 nem
300 514 504 552 nostram
532 510 578 552 in
606 511 854 553 Poloniam.
887 512 1040 554 Solent
1069 512 1189 554 enim
1211 516 1375 567 patres,
1401 516 1453 553 ut
1475 511 1633 566 angeli,
1669 511 1863 567 quilibet

119 587 138 615 5
170 594 407 636 procurare
427 594 507 636 pro
527 594 609 623 sua
628 581 862 636 provincia
881 586 926 624 et
947 583 1144 638 collegio,
1167 596 1304 638 quare
1325 587 1369 624 et
1390 596 1470 624 nos
1491 582 1669 624 solliciti
1689 595 1860 630 sumus,

169 655 220 693 ut
241 665 531 706 procuremus
552 665 634 707 pro
655 652 998 708 Transylvania,
1022 653 1254 709 provincia
1274 652 1403 695 nobis
1424 667 1450 695 a
1470 657 1630 695 sancta
1650 652 1863 695 obedien-

169 722 233 763 tia
255 721 501 776 designata.

283 793 376 834 Nec
420 792 674 835 timendum
719 798 786 836 est
830 793 998 836 bellum
1042 793 1318 836 Polonicum.
1357 793 1604 836 Testantur
1647 793 1773 835 enim
1816 792 1863 834 hi

169 863 328 905 fratres
357 862 460 905 inde
489 863 720 905 venientes
748 863 811 905 ibi
840 864 993 906 omnia
1021 878 1114 906 esse
1143 864 1330 920 pacifica
1358 868 1403 906 et
1433 863 1590 906 Poloni
1618 877 1859 919 nunquam

120 942 154 970 10
167 932 284 975 inter
303 947 348 975 se
367 933 535 975 bellum
555 934 738 989 gessisse
758 935 980 990 leguntur.
1003 935 1234 977 Bellorum
1254 934 1450 989 pericula
1468 934 1572 975 huic
1592 933 1859 976 Austriacae

168 1004 425 1060 provinciae
451 1003 716 1059 impendent
744 1005 822 1053 ita,
852 1010 904 1046 ut
933 1005 1022 1047 fere
1050 1005 1225 1047 nullum
1253 1004 1299 1046 in
1326 1018 1379 1046 ea
1406 1004 1641 1059 collegium
1669 1008 1858 1059 putetur

169 1074 278 1116 satis
303 1079 471 1124 tutum,
496 1075 533 1116 si
554 1080 802 1130 tempestas
816 1075 1005 1118 Turcica
1029 1076 1116 1117 huc
1142 1089 1187 1117 se
1213 1074 1499 1117 converterit.
1528 1075 1621 1116 Nos
1646 1073 1692 1115 in
1716 1074 1857 1116 Tran-

168 1145 374 1200 sylvania
417 1145 662 1188 existentes
705 1145 991 1201 provincialis
1035 1145 1246 1188 Poloniae
1290 1144 1418 1186 facile
1462 1144 1629 1199 poterit
1673 1143 1858 1186 visitare

168 1220 214 1258 et
242 1215 430 1264 facilius,
462 1230 602 1271 quam
624 1216 787 1271 aliquis
808 1216 922 1258 alius
945 1230 1000 1258 ex
1035 1215 1261 1259 Societate
1283 1219 1329 1256 et
1352 1228 1433 1256 nos
1461 1214 1521 1256 ad
1546 1227 1651 1256 eum
1678 1213 1857 1257 facilem

119 1296 154 1324 15
167 1286 333 1328 habere
363 1286 613 1342 poterimus
635 1300 880 1328 recursum.
914 1287 969 1328 Id
990 1286 1082 1328 iam
1111 1286 1310 1328 vidimus
1339 1285 1385 1326 in
1416 1284 1641 1327 Societate
1664 1283 1785 1333 alibi,
1807 1288 1860 1325 ut

168 1356 429 1399 missionem
467 1357 526 1399 ab
563 1371 654 1398 uno
692 1356 960 1412 provinciali
997 1356 1261 1398 inchoatam
1293 1356 1408 1398 alter
1432 1354 1721 1410 provincialis
1760 1368 1859 1409 per-

168 1427 305 1476 ficiat,
339 1432 391 1468 ut
423 1427 614 1482 contigit
635 1427 753 1469 circa
776 1427 1061 1482 Herbipolim
1078 1440 1088 1477 ;
1106 1429 1122 1455 8
1154 1426 1269 1469 mira
1291 1430 1358 1468 est
1381 1425 1625 1467 necessitas
1646 1425 1858 1480 Transyl-

168 1497 344 1546 vaniae,
369 1511 561 1552 magnus
587 1497 692 1540 inde
717 1497 893 1539 fructus
915 1502 1136 1553 speratur,
1156 1511 1207 1540 ac
1225 1496 1492 1552 negligenda
1514 1509 1606 1538 non
1633 1495 1857 1537 videatur.

307 1589 570 1641 ch'tlapja'n:
600 1588 645 1627 P.
678 1588 834 1628 Pisani.

565 1669 757 1712 (Eredeti‚
786 1680 809 1703 a
837 1668 1133 1714 Jezsuita-rend
1160 1668 1467 1710 leveltaraban.)

116 1668 151 1696 ’ὃ

979 1786 1050 1829 17.

596 1874 825 1917 Danczkai
854 1875 987 1923 tdbor,
1022 1885 1136 1929 1577
1165 1874 1322 1930 junius
1353 1886 1422 1929 24.

437 1966 631 2017 Bathory
654 1966 805 2005 Istvan
828 1965 968 2017 kiraly
989 1978 1015 2005 a
1035 1965 1350 2016 Jezsuita—rend
1370 1966 1589 2018 atyainak.

291 2046 475 2086 K5s25ni
515 2046 787 2086 iidvozletiiket
827 2047 867 2085 ἑε
907 2046 1090 2086 mindent
1129 2050 1296 2099 megtesz
1336 2046 1448 2086 Isten
1489 2047 1664 2098 egyha'za
1704 2046 1861 2098 javdra,

115 2105 301 2157 25melyet
327 2105 556 2158 figyelmbbe
585 2106 822 2157 ajdnlottak.

289 2190 549 2246 Stephanus
577 2190 661 2233 Dei
689 2190 837 2246 gratia
865 2204 943 2233 rex
973 2189 1199 2239 Poloniae,
1230 2203 1421 2245 magnus
1450 2189 1545 2231 dux
1574 2188 1859 2238 Lsthuaniae,

163 2261 364 2311 Russiae,
390 2261 610 2311 Prussiae,
635 2261 878 2311 Masoviae,
909 2260 1275 2316 Samogitiaeque
1305 2264 1389 2303 etc.
1418 2274 1500 2301 nec
1530 2274 1623 2302 non
1653 2259 1862 2315 princeps

161 2332 528 2388 Transylvaniae.

290 2403 593 2451 Venerabiles,
649 2402 817 2452 devoti,
872 2402 1002 2445 nobis
1054 2400 1218 2443 dilecti.
1275 2400 1552 2455 Significatio
1604 2400 1861 2456 praeclarae

114 2473 412 2516 3ovoluntatis
436 2478 614 2516 vestrae
639 2487 744 2528 erga
766 2487 861 2521 nos,
889 2487 1028 2528 quam
1052 2471 1221 2527 partim
1245 2485 1301 2513 ex
1324 2471 1465 2513 literis
1489 2471 1664 2520 vestris,
1692 2471 1861 2527 partim

162 2558 216 2586 ex
234 2544 409 2600 prolixa
424 2543 615 2599 Joannis
630 2543 896 2599 Zamoyscii,
914 2542 1141 2584 secretarii
1156 2542 1299 2584 nostri
1314 2541 1530 2583 relatione
1549 2541 1858 2597 cognovimus,

161 2615 406 2670 gratulatio
436 2614 558 2657 idem
579 2619 624 2656 et
647 2628 800 2670 preces
830 2628 911 2669 pro
942 2613 1152 2655 universo
1184 2626 1391 2654 successu
1421 2626 1572 2656 rerum
1601 2617 1860 2655 nostrarum

163 2685 284 2728 fuere
319 2685 450 2728 nobis
486 2690 531 2728 et
568 2690 675 2727 sunt
711 2684 1005 2740 gratissimae.
1044 2683 1230 2725 Talibus
1265 2683 1386 2725 enim
1422 2683 1656 2739 praesidiis
1692 2683 1858 2739 potius,

163 2770 277 2812 quae
306 2771 361 2799 ex
391 2756 533 2799 divini
574 2756 729 2799 auxilii
759 2755 884 2797 fonte
914 2758 1201 2810 promanant,
1245 2767 1314 2796 res
1355 2758 1534 2796 nostras
1575 2753 1857 2804 communiri,

117 2840 301 2882 35quam
333 2827 435 2870 ullis
466 2826 678 2870 humanis
712 2826 896 2875 viribus,
932 2839 1049 2881 quae
1082 2825 1231 2867 fluxae
1264 2829 1309 2867 et
1343 2824 1540 2867 caducae
1573 2829 1695 2874 sunt,
1730 2829 1860 2880 opta-

163 2911 290 2939 mus:
321 2912 438 2954 quae
465 2897 525 2940 ad
550 2898 635 2940 hoc
662 2911 805 2953 usque
832 2901 1026 2952 tempuS,
1057 2894 1141 2938 Dei
1167 2895 1497 2945 benevolentia,
1527 2909 1619 2938 non
1645 2894 1860 2937 mediocri

163 2980 311 3010 rerum
348 2973 607 3011 nostrarum
645 2968 866 3024 profectu,
907 2980 1072 3022 magno
1111 2965 1241 3008 nobis
1279 2966 1544 3008 adiumento
1583 2965 1749 3015 fuisse;
1791 2970 1859 3007 est

164 3038 286 3093 quod
325 3039 410 3082 Dei
450 3039 739 3081 clementiam
779 3038 1028 3086 laudemus,
1072 3036 1225 3092 illique
1265 3036 1434 3092 gratias
1476 3050 1676 3092 agamus.
1727 3035 1861 3091 Quod

290 3138 304 3160 ⁸
332 3140 573 3186 Herbipolis‚
602 3141 825 3185 W’iirzburg
851 3139 998 3173 latinos
1026 3147 1138 3171 neve.
