2188 3535
127 220 223 265 1582
255 218 339 252 okt.
378 219 439 262 19]
889 217 962 251 No.
998 219 1043 263 78
1742 227 1814 263 237

124 336 293 378 festum
327 334 622 378 dedicationis
657 334 992 383 instituerat‚ex
1024 350 1103 378 suo
1138 335 1327 391 ingenio,
1364 350 1469 378 cum
1504 348 1669 390 magno
1714 338 1813 377 tam

123 406 464 455 haereticorum,
500 419 639 461 quam
671 405 996 448 catholicorum
1028 407 1269 457 scandalo;
1304 406 1485 462 insuper
1517 410 1562 448 et
1596 405 1813 448 vexillum

125 482 408 533 exposuerat,
443 477 566 532 quod
597 475 668 517 hic
700 475 971 519 inusitatum
1004 482 1139 519 antea
1171 483 1215 519 et
1248 477 1445 519 invisum
1479 476 1640 519 fuerat.
1683 476 1816 532 Quod

125 562 229 590 cum
248 547 367 603 patri
387 546 611 589 visitatori
631 546 787 589 fuisset
806 552 1055 596 narratum,
1081 548 1342 603 gravissime
1365 548 1492 590 illum
1515 562 1667 590 coram
1686 552 1815 602 patre

73 633 94 660 5
125 618 389 674 provinciali
414 623 458 660 et
484 617 816 660 consultoribus
840 619 1125 673 reprehendit
1151 624 1196 660 et
1222 619 1466 674 prohibuit,
1510 633 1566 660 ne
1605 617 1814 673 deinceps

124 689 287 732 similia
319 690 427 731 ficta
460 688 576 731 festa
608 688 875 730 celebranda
908 695 1207 744 proponeret;
1243 690 1322 732 sed
1353 694 1726 745 percunctaretur
1756 689 1814 731 ab

124 759 324 815 antiquis
346 759 590 810 catholicis,
616 774 706 815 quo
729 759 800 801 die
823 759 930 802 olim
957 760 1287 802 dedicationem
1312 760 1445 802 huius
1471 759 1680 802 ecclesiae
1705 759 1814 801 cele-

124 831 330 873 brassent
368 835 413 872 et
451 830 578 872 illum
616 830 736 872 diem
773 830 1046 873 observaret.
1089 831 1175 873 Hic
1212 836 1367 873 autem
1421 830 1514 873 dies
1567 835 1665 885 4-ta
1718 834 1814 872 erat
1832 842 1900 867 Okt.
1925 849 1951 872 4-

124 900 369 950 Octobris,9
384 906 435 942 ut
452 901 562 943 mihi
587 900 673 943 fuit
689 901 896 943 relatum.
921 902 1089 944 Verum
1113 901 1184 943 hic
1210 901 1303 944 dies
1328 916 1418 944 non
1444 901 1612 956 placuit
1638 900 1813 949 rectori,

74 987 111 1014 10
124 972 202 1014 sed
233 972 398 1014 iterum
430 972 588 1014 eodem
625 972 709 1022 die,
749 987 840 1028 quo
878 972 1177 1028 praecedenti,
1218 972 1363 1028 prima
1401 972 1567 1014 scilicet
1606 971 1816 1014 Octobris

125 1042 364 1092 dominica,
409 1043 638 1099 praecepit
681 1043 907 1092 celebrari,
953 1043 1112 1085 maiori
1154 1057 1293 1099 quam
1336 1047 1472 1084 antea
1513 1042 1814 1090 solemnitate,

124 1114 248 1156 nulla
276 1114 330 1156 de
358 1115 443 1156 hac
471 1129 517 1156 re
546 1114 669 1156 facta
697 1114 1053 1156 consultatione:
1085 1114 1225 1156 immo
1253 1118 1412 1156 contra
1439 1127 1697 1168 expressam
1714 1113 1816 1154 visi-

125 1184 286 1227 tatoris
318 1190 363 1226 et
396 1185 683 1240 provincialis
716 1184 1067 1240 prohibitionem
1099 1190 1143 1226 et
1176 1189 1334 1226 contra
1366 1183 1576 1225 ecclesiae
1607 1197 1814 1231 canones,

124 1255 289 1311 quibus
317 1260 516 1306 cavetur,
550 1270 605 1298 ne
627 1255 728 1311 quis
759 1255 941 1311 propria
972 1255 1252 1298 authoritate
1283 1269 1404 1297 nova
1435 1253 1550 1296 festa
1581 1253 1818 1296 instituere

76 1341 110 1370 15
124 1331 170 1368 et
196 1331 352 1368 vetera
378 1327 555 1369 abolere
581 1331 856 1382 praesumat.
886 1326 1087 1368 Cadebat
1115 1331 1270 1368 autem
1295 1326 1379 1368 hoc
1406 1339 1525 1367 anno
1550 1324 1598 1366 in
1624 1324 1818 1380 primam

124 1397 399 1440 dominicam
430 1397 640 1440 Octobris
671 1397 839 1439 festum
870 1397 963 1438 divi
996 1396 1292 1452 Hieronymi;
1342 1395 1435 1451 ipse
1467 1400 1621 1438 autem
1652 1395 1818 1437 omissa
1832 1409 1900 1434 Okt.
1921 1415 1945 1439 7.

124 1468 351 1510 dominica
370 1473 414 1510 et
431 1467 595 1510 reiecto
618 1468 734 1510 festo
751 1467 844 1510 divi
869 1467 1150 1523 Hieronymi,
1183 1481 1360 1510 sacrum
1376 1466 1553 1522 publice
1568 1466 1615 1507 in
1631 1466 1815 1521 templo,

124 1543 263 1581 cantu
288 1539 481 1594 figurato
508 1539 563 1580 de
587 1539 696 1580 ficta
721 1553 802 1581 sua
827 1543 872 1580 et
899 1538 1138 1580 chimerica
1164 1537 1447 1580 dedicatione
1472 1533 1602 1579 iussit
1627 1537 1815 1585 cantari,

124 1614 169 1652 et
194 1609 395 1651 officium
420 1609 474 1651 de
498 1609 574 1651 illa
598 1609 808 1651 recitavit
838 1614 883 1651 et
903 1609 1025 1659 alios,
1048 1614 1099 1651 ut
1124 1609 1244 1651 idem
1269 1609 1481 1657 facerent,
1500 1608 1694 1650 induxit.
1723 1609 1818 1663 Ego

71 1696 110 1724 20
125 1685 280 1722 tamen
301 1685 346 1722 et
368 1694 560 1729 sacrum,
584 1685 629 1722 et
651 1680 852 1722 officium
874 1681 928 1722 de
951 1681 1117 1722 Sancto
1141 1680 1420 1736 Hieronymo
1442 1694 1546 1721 cum
1568 1679 1819 1721 dominicae

124 1751 554 1794 commemoratione
581 1751 783 1800 recitavi,
817 1751 932 1793 sicut
964 1751 1241 1793 breviarium
1271 1756 1316 1793 et
1348 1750 1526 1793 missale
1559 1752 1819 1792 Romanum

124 1822 393 1877 exigebant;
444 1837 588 1878 neque
637 1822 757 1864 enim
806 1822 1083 1865 contrarium
1132 1822 1225 1864 sine
1273 1821 1399 1877 gravi
1447 1821 1622 1870 scelere,
1661 1826 1820 1863 contra

125 1893 335 1935 ecclesiae
360 1898 405 1935 et
431 1893 712 1948 superiorum
735 1893 1039 1935 mediatorum
1065 1893 1398 1935 ordinationem
1424 1892 1569 1934 facere
1595 1896 1816 1947 poteram.

128 1963 448 2019 Intelligebant
478 1965 562 2006 hoc
581 1969 626 2006 et
644 1963 719 2006 alii
743 1964 931 2020 quidam
961 1979 1016 2006 ex
1047 1963 1392 2013 consultoribus,
1417 1964 1496 2005 sed
1517 1963 1667 2005 nullus
1684 1977 1819 2005 ausus

73 2050 112 2078 25
126 2039 194 2076 est
220 2049 324 2077 eum
351 2049 544 2084 monere,
574 2040 654 2077 aut
681 2036 721 2077 ei
748 2035 1066 2083 contradicere,
1095 2049 1150 2077 ne
1177 2034 1319 2091 magis
1345 2034 1609 2076 irritaretur.

257 2105 591 2148 Ordinaverant
620 2110 853 2161 praeterea
880 2105 1090 2148 visitator
1117 2110 1161 2148 et
1190 2105 1488 2161 provincialis,
1519 2119 1574 2147 ne
1602 2108 1820 2146 consueta

128 2175 244 2218 festa
269 2176 526 2232 provinciae
553 2190 633 2232 pro
659 2176 792 2218 libitu
818 2191 913 2225 suo,
948 2191 1064 2232 quae
1090 2176 1238 2224 vellet,
1268 2176 1519 2231 abrogaret,
1548 2175 1663 2216 sicut
1690 2188 1817 2230 prae-

127 2247 303 2289 cedenti
345 2262 464 2290 anno
507 2247 687 2289 fecerat.
734 2247 822 2289 Sed
864 2247 1005 2289 donec
1047 2261 1312 2302 responsum
1355 2261 1410 2288 ex
1452 2246 1575 2289 Urbe
1618 2245 1816 2293 daretur,

127 2323 326 2360 servaret
349 2318 465 2360 festa
487 2318 677 2374 antiqua
710 2317 948 2373 Ungariae,
974 2317 1233 2360 communia
1267 2316 1371 2358 huic
1407 2315 1677 2372 provinciae.
1717 2316 1820 2370 Ipse

73 2405 113 2432 3ο
127 2393 283 2431 tamen
307 2389 353 2431 in
378 2389 494 2431 festo
520 2390 562 2431 S.
591 2388 800 2437 Ladislai,
829 2388 907 2444 qui
931 2393 999 2430 est
1042 2388 1309 2444 praecipuus
1334 2392 1554 2442 patronus
1578 2386 1817 2441 Ungariae,
1835 2399 1892 2431 1121.
1916 2406 1958 2430 27.

126 2459 248 2515 ligna
279 2459 456 2515 publice
489 2474 511 2502 e
544 2459 683 2515 sylvis
716 2459 880 2501 nostris
918 2459 1070 2501 invehi
1102 2458 1148 2500 in
1180 2457 1416 2513 collegium
1448 2456 1665 2513 permisit.
1701 2457 1821 2499 Item

128 2531 212 2572 hoc
233 2545 351 2573 anno
373 2531 541 2573 festum
562 2530 716 2572 Sancti
738 2529 967 2572 Michaelis
987 2529 1254 2584 Archangeli
1274 2528 1319 2570 in
1341 2528 1460 2570 diem
1481 2527 1693 2570 sabbathi
1713 2527 1820 2569 inci-
1834 2540 1930 2572 Szept.
1952 2548 1994 2572 29.

128 2601 266 2643 debat
299 2606 344 2644 et
364 2602 640 2657 sequebatur
675 2600 914 2643 dominica.
953 2601 1013 2642 Et
1034 2600 1140 2655 quia
1159 2599 1250 2642 iam
1270 2599 1524 2641 vindemiae
1543 2598 1818 2654 inceperant,

128 2672 417 2723 consultavit,
438 2687 549 2715 num
572 2672 713 2728 possit
740 2671 836 2714 dari
867 2671 1096 2713 licentiam
1128 2669 1359 2712 catholicis
1392 2674 1436 2712 et
1459 2669 1709 2718 haereticis,
1743 2669 1821 2725 qui

75 2757 115 2785 35
128 2742 282 2785 vineas
304 2743 350 2785 in
371 2743 536 2786 nostris
564 2743 796 2786 montibus
815 2743 1046 2790 haberent,
1066 2746 1116 2782 ut
1140 2741 1316 2783 duobus
1331 2740 1416 2782 illis
1431 2740 1556 2783 festis
1570 2755 1685 2782 uvas
1700 2739 1820 2782 colli-

128 2818 296 2868 gerent,
319 2814 620 2870 exprimerent
636 2819 681 2856 et
698 2814 885 2856 domum
900 2813 1200 2855 conveherent
1218 2826 1226 2862 ;
1251 2816 1296 2854 et
1322 2816 1374 2853 ut
1389 2816 1542 2854 noster
1556 2816 1821 2867 procurator

129 2884 341 2926 resideret
368 2899 472 2927 cum
500 2885 681 2927 famulis
708 2884 754 2926 in
780 2884 944 2926 finibus
971 2883 1206 2925 vinearum
1233 2883 1292 2925 ad
1317 2882 1559 2938 exigendas
1585 2897 1640 2924 ex
1668 2886 1819 2924 musto

129 2954 338 2997 decimas.
358 2955 476 3007 Dixi,
497 2956 620 3011 quod
638 2955 748 2998 mihi
768 2955 1027 2997 videbatur:
1054 2953 1250 3009 primum
1272 2953 1348 2996 illa
1369 2968 1505 3009 opera
1527 2967 1620 2995 esse
1642 2952 1821 2994 servilia

131 3029 176 3066 et
205 3025 299 3081 lege
329 3026 414 3069 Dei
444 3026 686 3082 prohibita,
720 3026 881 3068 deinde
911 3025 1082 3067 nullam
1112 3038 1206 3066 esse
1235 3038 1433 3073 causam,
1466 3024 1524 3066 ob
1554 3038 1693 3079 quam
1723 3037 1820 3078 per-

79 3133 116 3160 4ο
259 3126 272 3146 ⁹
300 3127 449 3170 Vagyis
473 3127 592 3160 Szent
615 3127 783 3160 Ferencz
807 3126 943 3170 napja,
968 3125 1087 3158 mivel
1109 3135 1133 3158 a
1154 3125 1331 3158 kolostor
1353 3125 1384 3158 is
1407 3124 1566 3168 eladdig
1588 3135 1612 3157 a
1633 3122 1820 3156 franczis-

131 3183 334 3219 kanusoke
356 3186 452 3219 volt.
