<?xml version="1.0" encoding="UTF-8"?>
<!DOCTYPE html PUBLIC "-//W3C//DTD XHTML 1.0 Transitional//EN"
    "http://www.w3.org/TR/xhtml1/DTD/xhtml1-transitional.dtd">
<html xmlns="http://www.w3.org/1999/xhtml" xml:lang="en" lang="en">
 <head>
  <title>
</title>
<meta http-equiv="Content-Type" content="text/html;charset=utf-8" />
  <meta name='ocr-system' content='tesseract 3.04.00' />
  <meta name='ocr-capabilities' content='ocr_page ocr_carea ocr_par ocr_line ocrx_word'/>
</head>
<body>
  <div class='ocr_page' id='page_1' title='image "./epistolaeetactaj01vereuoft_0079.png"; bbox 0 0 2188 3535; ppageno 0'>
   <div class='ocr_carea' id='block_1_1' title="bbox 43 428 1840 3266">
    <p class='ocr_par' dir='ltr' id='par_1_1' title="bbox 43 428 1840 3266">
     <span class='ocr_line' id='line_1_1' title="bbox 149 428 1840 505; baseline 0.023 -39"><span class='ocrx_word' id='word_1_1' title='bbox 149 431 252 481; x_wconf 92' lang='lat' dir='ltr'><strong>post</strong></span> <span class='ocrx_word' id='word_1_2' title='bbox 282 428 517 474; x_wconf 75' lang='lat' dir='ltr'><strong>victoriam</strong></span> <span class='ocrx_word' id='word_1_3' title='bbox 549 434 604 476; x_wconf 93' lang='lat' dir='ltr'><strong>de</strong></span> <span class='ocrx_word' id='word_1_4' title='bbox 633 435 742 490; x_wconf 89' lang='lat' dir='ltr'><strong>ipsis</strong></span> <span class='ocrx_word' id='word_1_5' title='bbox 772 446 1054 494; x_wconf 76' lang='lat' dir='ltr'>reportatam</span> <span class='ocrx_word' id='word_1_6' title='bbox 1083 446 1221 502; x_wconf 87' lang='lat' dir='ltr'><strong>legati</strong></span> <span class='ocrx_word' id='word_1_7' title='bbox 1251 464 1406 495; x_wconf 91' lang='lat' dir='ltr'><strong>eorum</strong></span> <span class='ocrx_word' id='word_1_8' title='bbox 1438 455 1615 500; x_wconf 87' lang='lat' dir='ltr'><strong>aditum</strong></span> <span class='ocrx_word' id='word_1_9' title='bbox 1647 460 1706 501; x_wconf 92' lang='lat' dir='ltr'><strong>ad</strong></span> <span class='ocrx_word' id='word_1_10' title='bbox 1736 475 1840 505; x_wconf 88' lang='lat' dir='ltr'><strong>eum</strong></span> 
     </span>
     <span class='ocr_line' id='line_1_2' title="bbox 146 496 1838 576; baseline 0.023 -39"><span class='ocrx_word' id='word_1_11' title='bbox 146 496 419 550; x_wconf 75' lang='lat' dir='ltr'>habuissent,</span> <span class='ocrx_word' id='word_1_12' title='bbox 475 502 715 561; x_wconf 86' lang='lat' dir='ltr'><strong>ipsumque</strong></span> <span class='ocrx_word' id='word_1_13' title='bbox 746 510 1014 565; x_wconf 90' lang='lat' dir='ltr'><strong>reperissent</strong></span> <span class='ocrx_word' id='word_1_14' title='bbox 1047 515 1093 557; x_wconf 90' lang='lat' dir='ltr'><strong>in</strong></span> <span class='ocrx_word' id='word_1_15' title='bbox 1126 531 1309 564; x_wconf 89' lang='lat' dir='ltr'><strong>scamno</strong></span> <span class='ocrx_word' id='word_1_16' title='bbox 1342 525 1572 570; x_wconf 77' lang='lat' dir='ltr'><strong>sedentem</strong></span> <span class='ocrx_word' id='word_1_17' title='bbox 1606 534 1651 571; x_wconf 91' lang='lat' dir='ltr'><strong>et</strong></span> <span class='ocrx_word' id='word_1_18' title='bbox 1685 532 1838 576; x_wconf 88' lang='lat' dir='ltr'><strong>catino</strong></span> 
     </span>
     <span class='ocr_line' id='line_1_3' title="bbox 144 566 1833 656; baseline 0.023 -48"><span class='ocrx_word' id='word_1_19' title='bbox 144 566 288 622; x_wconf 88' lang='lat' dir='ltr'><strong>ligneo</strong></span> <span class='ocrx_word' id='word_1_20' title='bbox 337 579 616 625; x_wconf 88' lang='lat' dir='ltr'><strong>caenantem,</strong></span> <span class='ocrx_word' id='word_1_21' title='bbox 667 592 884 634; x_wconf 90' lang='lat' dir='ltr'><strong>magnum</strong></span> <span class='ocrx_word' id='word_1_22' title='bbox 933 585 1030 626; x_wconf 88' lang='lat' dir='ltr'><strong>auri</strong></span> <span class='ocrx_word' id='word_1_23' title='bbox 1078 589 1257 642; x_wconf 91' lang='lat' dir='ltr'><strong>pondus</strong></span> <span class='ocrx_word' id='word_1_24' title='bbox 1293 596 1578 648; x_wconf 89' lang='lat' dir='ltr'><strong>protulerunt</strong></span> <span class='ocrx_word' id='word_1_25' title='bbox 1609 608 1833 656; x_wconf 79' lang='lat' dir='ltr'><strong>rogantes,</strong></span> 
     </span>
     <span class='ocr_line' id='line_1_4' title="bbox 96 639 1833 724; baseline 0.024 -47"><span class='ocrx_word' id='word_1_26' title='bbox 96 644 113 672; x_wconf 88' lang='lat'><strong>5</strong></span> <span class='ocrx_word' id='word_1_27' title='bbox 143 639 266 692; x_wconf 91' lang='lat' dir='ltr'><strong>quod</strong></span> <span class='ocrx_word' id='word_1_28' title='bbox 290 641 487 697; x_wconf 87' lang='lat' dir='ltr'><strong>accipere</strong></span> <span class='ocrx_word' id='word_1_29' title='bbox 510 650 555 687; x_wconf 90' lang='lat' dir='ltr'><strong>et</strong></span> <span class='ocrx_word' id='word_1_30' title='bbox 578 660 629 689; x_wconf 91' lang='lat' dir='ltr'><strong>eo</strong></span> <span class='ocrx_word' id='word_1_31' title='bbox 662 649 731 690; x_wconf 88' lang='lat' dir='ltr'><strong>uti</strong></span> <span class='ocrx_word' id='word_1_32' title='bbox 765 651 914 701; x_wconf 81' lang='lat' dir='ltr'><strong>vellet,</strong></span> <span class='ocrx_word' id='word_1_33' title='bbox 951 656 1029 710; x_wconf 87' lang='lat' dir='ltr'><strong>qui</strong></span> <span class='ocrx_word' id='word_1_34' title='bbox 1062 659 1242 703; x_wconf 77' lang='lat' dir='ltr'><strong>vultum</strong></span> <span class='ocrx_word' id='word_1_35' title='bbox 1277 665 1484 718; x_wconf 86' lang='lat' dir='ltr'><strong>protinus</strong></span> <span class='ocrx_word' id='word_1_36' title='bbox 1517 669 1607 711; x_wconf 87' lang='lat' dir='ltr'><strong>risu</strong></span> <span class='ocrx_word' id='word_1_37' title='bbox 1641 673 1833 724; x_wconf 86' lang='lat' dir='ltr'><strong>solvens,</strong></span> 
     </span>
     <span class='ocr_line' id='line_1_5' title="bbox 141 714 1838 789; baseline 0.023 -39"><span class='ocrx_word' id='word_1_38' title='bbox 141 714 413 764; x_wconf 75' lang='lat' dir='ltr'><strong>supervacue,</strong></span> <span class='ocrx_word' id='word_1_39' title='bbox 462 717 641 772; x_wconf 88' lang='lat' dir='ltr'><strong>inquit:</strong></span> <span class='ocrx_word' id='word_1_40' title='bbox 704 721 780 764; x_wconf 78' lang='lat' dir='ltr'><strong>lzoc</strong></span> <span class='ocrx_word' id='word_1_41' title='bbox 835 726 946 767; x_wconf 78' lang='lat' dir='ltr'><strong>milii</strong></span> <span class='ocrx_word' id='word_1_42' title='bbox 987 729 1162 781; x_wconf 69' lang='lat' dir='ltr'><strong>offertis,</strong></span> <span class='ocrx_word' id='word_1_43' title='bbox 1206 736 1352 787; x_wconf 69' lang='lat' dir='ltr'><strong>referte</strong></span> <span class='ocrx_word' id='word_1_44' title='bbox 1393 738 1503 781; x_wconf 70' lang='lat' dir='ltr'><strong>illud</strong></span> <span class='ocrx_word' id='word_1_45' title='bbox 1544 743 1760 787; x_wconf 72' lang='lat' dir='ltr'><strong>vobiscum</strong></span> <span class='ocrx_word' id='word_1_46' title='bbox 1801 752 1838 789; x_wconf 84' lang='lat' dir='ltr'><strong>et</strong></span> 
     </span>
     <span class='ocr_line' id='line_1_6' title="bbox 139 784 1832 870; baseline 0.024 -50"><span class='ocrx_word' id='word_1_47' title='bbox 139 786 308 824; x_wconf 74' lang='lat' dir='ltr'><strong>narrate</strong></span> <span class='ocrx_word' id='word_1_48' title='bbox 340 784 629 839; x_wconf 77' lang='lat' dir='ltr'><strong>Samnitibus,</strong></span> <span class='ocrx_word' id='word_1_49' title='bbox 664 791 871 836; x_wconf 69' lang='lat' dir='ltr'><strong>Marcu-m</strong></span> <span class='ocrx_word' id='word_1_50' title='bbox 907 797 1092 841; x_wconf 73' lang='lat' dir='ltr'><strong>Curium</strong></span> <span class='ocrx_word' id='word_1_51' title='bbox 1128 805 1252 846; x_wconf 77' lang='lat' dir='ltr'><strong>malle</strong></span> <span class='ocrx_word' id='word_1_52' title='bbox 1285 807 1566 863; x_wconf 70' lang='lat' dir='ltr'><strong>locupletibus</strong></span> <span class='ocrx_word' id='word_1_53' title='bbox 1604 814 1832 870; x_wconf 72' lang='lat' dir='ltr'><strong>imperare,</strong></span> 
     </span>
     <span class='ocr_line' id='line_1_7' title="bbox 139 854 1833 935; baseline 0.024 -44"><span class='ocrx_word' id='word_1_54' title='bbox 139 864 267 905; x_wconf 80' lang='lat' dir='ltr'><strong>quam</strong></span> <span class='ocrx_word' id='word_1_55' title='bbox 300 854 549 911; x_wconf 75' lang='lat' dir='ltr'><strong>locupletem</strong></span> <span class='ocrx_word' id='word_1_56' title='bbox 597 861 729 911; x_wconf 64' lang='lat' dir='ltr'><strong>fieri:</strong></span> <span class='ocrx_word' id='word_1_57' title='bbox 783 870 819 906; x_wconf 83' lang='lat' dir='ltr'><strong>et</strong></span> <span class='ocrx_word' id='word_1_58' title='bbox 871 875 1129 921; x_wconf 77' lang='lat' dir='ltr'><strong>mementote,</strong></span> <span class='ocrx_word' id='word_1_59' title='bbox 1181 889 1246 916; x_wconf 69' lang='lat' dir='ltr'><strong>ine</strong></span> <span class='ocrx_word' id='word_1_60' title='bbox 1296 892 1384 921; x_wconf 77' lang='grc'><strong><em>77077</em></strong></span> <span class='ocrx_word' id='word_1_61' title='bbox 1434 882 1524 923; x_wconf 76' lang='lat' dir='ltr'><strong>acie</strong></span> <span class='ocrx_word' id='word_1_62' title='bbox 1575 884 1706 935; x_wconf 75' lang='lat' dir='ltr'><strong>vinci,</strong></span> <span class='ocrx_word' id='word_1_63' title='bbox 1758 902 1833 930; x_wconf 77' lang='lat' dir='ltr'><strong>nec</strong></span> 
     </span>
     <span class='ocr_line' id='line_1_8' title="bbox 135 924 1826 1013; baseline 0.023 -52"><span class='ocrx_word' id='word_1_64' title='bbox 135 924 319 975; x_wconf 71' lang='lat' dir='ltr'><strong>pecunia</strong></span> <span class='ocrx_word' id='word_1_65' title='bbox 358 930 484 980; x_wconf 74' lang='lat' dir='ltr'><strong>posse</strong></span> <span class='ocrx_word' id='word_1_66' title='bbox 524 934 756 987; x_wconf 55' lang='lat' dir='ltr'><strong>cozsi&#39;ziztzbi.</strong></span> <span class='ocrx_word' id='word_1_67' title='bbox 802 936 1009 981; x_wconf 80' lang='lat' dir='ltr'><strong>Seleucus</strong></span> <span class='ocrx_word' id='word_1_68' title='bbox 1055 943 1121 995; x_wconf 83' lang='lat' dir='ltr'><strong>(ut</strong></span> <span class='ocrx_word' id='word_1_69' title='bbox 1163 945 1366 990; x_wconf 72' lang='lat' dir='ltr'><strong>Valerius</strong></span> <span class='ocrx_word' id='word_1_70' title='bbox 1409 952 1632 996; x_wconf 75' lang='lat' dir='ltr'><strong>Maximus</strong></span> <span class='ocrx_word' id='word_1_71' title='bbox 1674 958 1826 1013; x_wconf 83' lang='lat' dir='ltr'><strong>refert)</strong></span> 
     </span>
     <span class='ocr_line' id='line_1_9' title="bbox 87 991 1825 1072; baseline 0.023 -42"><span class='ocrx_word' id='word_1_72' title='bbox 87 1002 120 1029; x_wconf 90' lang='lat'><strong>10</strong></span> <span class='ocrx_word' id='word_1_73' title='bbox 133 991 273 1034; x_wconf 91' lang='lat' dir='ltr'><strong>filium</strong></span> <span class='ocrx_word' id='word_1_74' title='bbox 297 1002 484 1051; x_wconf 91' lang='lat' dir='ltr'><strong>propter</strong></span> <span class='ocrx_word' id='word_1_75' title='bbox 508 1000 783 1046; x_wconf 79' lang='lat' dir='ltr'><strong>adulterium</strong></span> <span class='ocrx_word' id='word_1_76' title='bbox 809 1009 1097 1054; x_wconf 89' lang='lat' dir='ltr'><strong>commissum</strong></span> <span class='ocrx_word' id='word_1_77' title='bbox 1121 1027 1212 1056; x_wconf 91' lang='lat' dir='ltr'><strong>uno</strong></span> <span class='ocrx_word' id='word_1_78' title='bbox 1237 1017 1416 1060; x_wconf 73' lang='lat' dir='ltr'><strong>orbavit</strong></span> <span class='ocrx_word' id='word_1_79' title='bbox 1442 1022 1583 1072; x_wconf 88' lang='lat' dir='ltr'><strong>oculo,</strong></span> <span class='ocrx_word' id='word_1_80' title='bbox 1612 1025 1752 1068; x_wconf 91' lang='lat' dir='ltr'><strong>altero</strong></span> <span class='ocrx_word' id='word_1_81' title='bbox 1779 1042 1825 1070; x_wconf 90' lang='lat' dir='ltr'><strong>se</strong></span> 
     </span>
     <span class='ocr_line' id='line_1_10' title="bbox 131 1061 1822 1145; baseline 0.022 -43"><span class='ocrx_word' id='word_1_82' title='bbox 131 1061 291 1116; x_wconf 89' lang='lat' dir='ltr'><strong>ipsum,</strong></span> <span class='ocrx_word' id='word_1_83' title='bbox 323 1070 374 1107; x_wconf 91' lang='lat' dir='ltr'><strong>ut</strong></span> <span class='ocrx_word' id='word_1_84' title='bbox 404 1066 580 1113; x_wconf 88' lang='lat' dir='ltr'><strong>iustitia</strong></span> <span class='ocrx_word' id='word_1_85' title='bbox 608 1079 767 1117; x_wconf 90' lang='lat' dir='ltr'><strong>contra</strong></span> <span class='ocrx_word' id='word_1_86' title='bbox 796 1076 1024 1129; x_wconf 86' lang='lat' dir='ltr'><strong>delictum,</strong></span> <span class='ocrx_word' id='word_1_87' title='bbox 1055 1097 1135 1137; x_wconf 92' lang='lat' dir='ltr'><strong>per</strong></span> <span class='ocrx_word' id='word_1_88' title='bbox 1161 1085 1303 1129; x_wconf 90' lang='lat' dir='ltr'><strong>filium</strong></span> <span class='ocrx_word' id='word_1_89' title='bbox 1332 1096 1644 1145; x_wconf 88' lang='lat' dir='ltr'><strong>perpetratum</strong></span> <span class='ocrx_word' id='word_1_90' title='bbox 1673 1110 1822 1140; x_wconf 77' lang='lat' dir='ltr'><strong>serva-</strong></span> 
     </span>
     <span class='ocr_line' id='line_1_11' title="bbox 129 1135 1819 1209; baseline 0.022 -37"><span class='ocrx_word' id='word_1_91' title='bbox 129 1137 263 1182; x_wconf 88' lang='lat' dir='ltr'><strong>retur,</strong></span> <span class='ocrx_word' id='word_1_92' title='bbox 297 1135 357 1178; x_wconf 89' lang='lat' dir='ltr'><strong>sic</strong></span> <span class='ocrx_word' id='word_1_93' title='bbox 389 1138 643 1184; x_wconf 75' lang='lat' dir='ltr'><strong>admirabili</strong></span> <span class='ocrx_word' id='word_1_94' title='bbox 674 1146 918 1201; x_wconf 86' lang='lat' dir='ltr'><strong>aequitatis</strong></span> <span class='ocrx_word' id='word_1_95' title='bbox 948 1155 1320 1208; x_wconf 88' lang='lat' dir='ltr'><strong>temperamento,</strong></span> <span class='ocrx_word' id='word_1_96' title='bbox 1353 1173 1398 1201; x_wconf 90' lang='lat' dir='ltr'><strong>se</strong></span> <span class='ocrx_word' id='word_1_97' title='bbox 1427 1160 1546 1204; x_wconf 88' lang='lat' dir='ltr'><strong>inter</strong></span> <span class='ocrx_word' id='word_1_98' title='bbox 1574 1165 1819 1209; x_wconf 87' lang='lat' dir='ltr'><strong>misericor-</strong></span> 
     </span>
     <span class='ocr_line' id='line_1_12' title="bbox 128 1202 1819 1285; baseline 0.022 -42"><span class='ocrx_word' id='word_1_99' title='bbox 128 1202 229 1246; x_wconf 91' lang='lat' dir='ltr'><strong>dem</strong></span> <span class='ocrx_word' id='word_1_100' title='bbox 250 1212 429 1260; x_wconf 87' lang='lat' dir='ltr'><strong>patrem</strong></span> <span class='ocrx_word' id='word_1_101' title='bbox 451 1215 496 1251; x_wconf 90' lang='lat' dir='ltr'><strong>et</strong></span> <span class='ocrx_word' id='word_1_102' title='bbox 518 1211 689 1256; x_wconf 90' lang='lat' dir='ltr'><strong>iustum</strong></span> <span class='ocrx_word' id='word_1_103' title='bbox 710 1216 1011 1271; x_wconf 78' lang='lat' dir='ltr'><strong>legislatorem</strong></span> <span class='ocrx_word' id='word_1_104' title='bbox 1032 1225 1229 1278; x_wconf 89' lang='lat' dir='ltr'><strong>partitus</strong></span> <span class='ocrx_word' id='word_1_105' title='bbox 1250 1233 1330 1271; x_wconf 91' lang='lat' dir='ltr'><strong>est.</strong></span> <span class='ocrx_word' id='word_1_106' title='bbox 1363 1230 1510 1285; x_wconf 73' lang='lat' dir='ltr'><strong>Quam</strong></span> <span class='ocrx_word' id='word_1_107' title='bbox 1532 1235 1591 1275; x_wconf 93' lang='lat' dir='ltr'><strong>ob</strong></span> <span class='ocrx_word' id='word_1_108' title='bbox 1612 1250 1706 1278; x_wconf 89' lang='lat' dir='ltr'><strong>rem</strong></span> <span class='ocrx_word' id='word_1_109' title='bbox 1727 1252 1819 1280; x_wconf 92' lang='lat' dir='ltr'><strong>non</strong></span> 
     </span>
     <span class='ocr_line' id='line_1_13' title="bbox 125 1272 1817 1362; baseline 0.022 -48"><span class='ocrx_word' id='word_1_110' title='bbox 125 1272 349 1319; x_wconf 86' lang='lat' dir='ltr'><strong>immerito</strong></span> <span class='ocrx_word' id='word_1_111' title='bbox 387 1281 620 1335; x_wconf 80' lang='lat' dir='ltr'><strong>Agesilaus</strong></span> <span class='ocrx_word' id='word_1_112' title='bbox 665 1285 887 1331; x_wconf 89' lang='lat' dir='ltr'><strong>iustitiam</strong></span> <span class='ocrx_word' id='word_1_113' title='bbox 940 1291 1197 1338; x_wconf 73' lang='lat' dir='ltr'><strong>fortitudini</strong></span> <span class='ocrx_word' id='word_1_114' title='bbox 1234 1301 1462 1353; x_wconf 88' lang='lat' dir='ltr'><strong>praetulit.</strong></span> <span class='ocrx_word' id='word_1_115' title='bbox 1504 1304 1817 1362; x_wconf 85' lang='lat' dir='ltr'><strong>Interrogatus</strong></span> 
     </span>
     <span class='ocr_line' id='line_1_14' title="bbox 76 1344 1811 1432; baseline 0.022 -49"><span class='ocrx_word' id='word_1_116' title='bbox 76 1352 110 1379; x_wconf 88' lang='lat'><strong>15</strong></span> <span class='ocrx_word' id='word_1_117' title='bbox 124 1344 242 1387; x_wconf 91' lang='lat' dir='ltr'><strong>enim</strong></span> <span class='ocrx_word' id='word_1_118' title='bbox 279 1347 593 1402; x_wconf 75' lang='lat' dir='ltr'><strong>fortitudo-ne,</strong></span> <span class='ocrx_word' id='word_1_119' title='bbox 633 1369 691 1397; x_wconf 93' lang='lat' dir='ltr'><strong>an</strong></span> <span class='ocrx_word' id='word_1_120' title='bbox 727 1356 902 1403; x_wconf 88' lang='lat' dir='ltr'><strong>iustitia</strong></span> <span class='ocrx_word' id='word_1_121' title='bbox 938 1368 1221 1417; x_wconf 85' lang='lat' dir='ltr'><strong>praestaret?</strong></span> <span class='ocrx_word' id='word_1_122' title='bbox 1263 1370 1514 1415; x_wconf 87' lang='lat' dir='ltr'><strong>Prudenter</strong></span> <span class='ocrx_word' id='word_1_123' title='bbox 1550 1379 1811 1432; x_wconf 85' lang='lat' dir='ltr'><strong>respondit:</strong></span> 
     </span>
     <span class='ocr_line' id='line_1_15' title="bbox 122 1413 1812 1504; baseline 0.022 -49"><span class='ocrx_word' id='word_1_124' title='bbox 122 1413 388 1461; x_wconf 76' lang='lat' dir='ltr'><strong>fortitudine</strong></span> <span class='ocrx_word' id='word_1_125' title='bbox 432 1422 543 1464; x_wconf 89' lang='lat' dir='ltr'><strong>nihil</strong></span> <span class='ocrx_word' id='word_1_126' title='bbox 584 1439 697 1480; x_wconf 89' lang='lat' dir='ltr'><strong>opus</strong></span> <span class='ocrx_word' id='word_1_127' title='bbox 740 1428 868 1478; x_wconf 78' lang='lat' dir='ltr'><strong>foret,</strong></span> <span class='ocrx_word' id='word_1_128' title='bbox 904 1432 939 1473; x_wconf 92' lang='lat' dir='ltr'><strong>si</strong></span> <span class='ocrx_word' id='word_1_129' title='bbox 971 1433 1088 1477; x_wconf 90' lang='lat' dir='ltr'><strong>iuste</strong></span> <span class='ocrx_word' id='word_1_130' title='bbox 1121 1451 1351 1492; x_wconf 89' lang='lat' dir='ltr'><strong>ageremus</strong></span> <span class='ocrx_word' id='word_1_131' title='bbox 1381 1457 1564 1495; x_wconf 87' lang='lat' dir='ltr'><strong>omnes;</strong></span> <span class='ocrx_word' id='word_1_132' title='bbox 1596 1446 1812 1504; x_wconf 87' lang='lat' dir='ltr'><strong>intellige-</strong></span> 
     </span>
     <span class='ocr_line' id='line_1_16' title="bbox 121 1484 1815 1575; baseline 0.022 -49"><span class='ocrx_word' id='word_1_133' title='bbox 121 1484 231 1528; x_wconf 87' lang='lat' dir='ltr'><strong>bant</strong></span> <span class='ocrx_word' id='word_1_134' title='bbox 272 1488 357 1530; x_wconf 79' lang='lat' dir='ltr'><strong>viri</strong></span> <span class='ocrx_word' id='word_1_135' title='bbox 395 1491 442 1532; x_wconf 90' lang='lat' dir='ltr'><strong>hi</strong></span> <span class='ocrx_word' id='word_1_136' title='bbox 480 1494 800 1549; x_wconf 89' lang='lat' dir='ltr'><strong>sapientissimi</strong></span> <span class='ocrx_word' id='word_1_137' title='bbox 839 1501 949 1544; x_wconf 89' lang='lat' dir='ltr'><strong>nihil</strong></span> <span class='ocrx_word' id='word_1_138' title='bbox 987 1505 1142 1549; x_wconf 90' lang='lat' dir='ltr'><strong>utilius</strong></span> <span class='ocrx_word' id='word_1_139' title='bbox 1193 1510 1464 1566; x_wconf 90' lang='lat' dir='ltr'><strong>reipublicae</strong></span> <span class='ocrx_word' id='word_1_140' title='bbox 1516 1530 1622 1566; x_wconf 89' lang='lat' dir='ltr'><strong>esse,</strong></span> <span class='ocrx_word' id='word_1_141' title='bbox 1678 1534 1815 1575; x_wconf 86' lang='lat' dir='ltr'><strong>quam</strong></span> 
     </span>
     <span class='ocr_line' id='line_1_17' title="bbox 118 1558 1813 1637; baseline 0.022 -41"><span class='ocrx_word' id='word_1_142' title='bbox 118 1558 393 1611; x_wconf 86' lang='lat' dir='ltr'><strong>posthabitis</strong></span> <span class='ocrx_word' id='word_1_143' title='bbox 447 1564 603 1607; x_wconf 88' lang='lat' dir='ltr'><strong>multis</strong></span> <span class='ocrx_word' id='word_1_144' title='bbox 655 1568 752 1610; x_wconf 88' lang='lat' dir='ltr'><strong>aliis</strong></span> <span class='ocrx_word' id='word_1_145' title='bbox 790 1572 923 1614; x_wconf 89' lang='lat' dir='ltr'><strong>rebus</strong></span> <span class='ocrx_word' id='word_1_146' title='bbox 962 1576 1166 1630; x_wconf 77' lang='lat' dir='ltr'><strong>privatis,</strong></span> <span class='ocrx_word' id='word_1_147' title='bbox 1209 1581 1467 1637; x_wconf 86' lang='lat' dir='ltr'><strong>religionem</strong></span> <span class='ocrx_word' id='word_1_148' title='bbox 1507 1592 1551 1628; x_wconf 92' lang='lat' dir='ltr'><strong>et</strong></span> <span class='ocrx_word' id='word_1_149' title='bbox 1590 1588 1813 1635; x_wconf 89' lang='lat' dir='ltr'><strong>iustitiam</strong></span> 
     </span>
     <span class='ocr_line' id='line_1_18' title="bbox 118 1627 1813 1705; baseline 0.022 -38"><span class='ocrx_word' id='word_1_150' title='bbox 118 1627 256 1670; x_wconf 87' lang='lat' dir='ltr'><strong>colere</strong></span> <span class='ocrx_word' id='word_1_151' title='bbox 279 1644 285 1672; x_wconf 92' lang='lat'><strong>:</strong></span> <span class='ocrx_word' id='word_1_152' title='bbox 304 1644 420 1685; x_wconf 90' lang='lat' dir='ltr'><strong>quae</strong></span> <span class='ocrx_word' id='word_1_153' title='bbox 439 1638 487 1674; x_wconf 90' lang='lat' dir='ltr'><strong>ut</strong></span> <span class='ocrx_word' id='word_1_154' title='bbox 505 1634 569 1676; x_wconf 91' lang='lat' dir='ltr'><strong>ait</strong></span> <span class='ocrx_word' id='word_1_155' title='bbox 586 1637 837 1694; x_wconf 86' lang='lat' dir='ltr'><strong>Euripides,</strong></span> <span class='ocrx_word' id='word_1_156' title='bbox 858 1645 1074 1700; x_wconf 90' lang='lat' dir='ltr'><strong>Hespero,</strong></span> <span class='ocrx_word' id='word_1_157' title='bbox 1094 1649 1299 1694; x_wconf 78' lang='lat' dir='ltr'><strong>Lucifero</strong></span> <span class='ocrx_word' id='word_1_158' title='bbox 1320 1659 1365 1696; x_wconf 90' lang='lat' dir='ltr'><strong>et</strong></span> <span class='ocrx_word' id='word_1_159' title='bbox 1386 1658 1573 1700; x_wconf 82' lang='lat' dir='ltr'><strong>caeteris</strong></span> <span class='ocrx_word' id='word_1_160' title='bbox 1593 1659 1813 1705; x_wconf 91' lang='lat' dir='ltr'><strong>sideribus</strong></span> 
     </span>
     <span class='ocr_line' id='line_1_19' title="bbox 70 1696 1810 1775; baseline 0.022 -38"><span class='ocrx_word' id='word_1_161' title='bbox 70 1696 244 1753; x_wconf 75' lang='lat' dir='ltr'><strong>zolonge</strong></span> <span class='ocrx_word' id='word_1_162' title='bbox 275 1701 434 1745; x_wconf 86' lang='lat' dir='ltr'><strong>clarior</strong></span> <span class='ocrx_word' id='word_1_163' title='bbox 471 1710 564 1756; x_wconf 87' lang='lat' dir='ltr'><strong>est;</strong></span> <span class='ocrx_word' id='word_1_164' title='bbox 604 1712 656 1749; x_wconf 91' lang='lat' dir='ltr'><strong>ut</strong></span> <span class='ocrx_word' id='word_1_165' title='bbox 695 1711 813 1754; x_wconf 91' lang='lat' dir='ltr'><strong>enim</strong></span> <span class='ocrx_word' id='word_1_166' title='bbox 853 1715 918 1756; x_wconf 89' lang='lat' dir='ltr'><strong>sol</strong></span> <span class='ocrx_word' id='word_1_167' title='bbox 956 1718 1201 1770; x_wconf 86' lang='lat' dir='ltr'><strong>oculorum,</strong></span> <span class='ocrx_word' id='word_1_168' title='bbox 1243 1723 1303 1765; x_wconf 89' lang='lat' dir='ltr'><strong>sic</strong></span> <span class='ocrx_word' id='word_1_169' title='bbox 1341 1724 1516 1770; x_wconf 90' lang='lat' dir='ltr'><strong>iustitia</strong></span> <span class='ocrx_word' id='word_1_170' title='bbox 1553 1730 1705 1773; x_wconf 88' lang='lat' dir='ltr'><strong>lumen</strong></span> <span class='ocrx_word' id='word_1_171' title='bbox 1743 1739 1810 1775; x_wconf 90' lang='lat' dir='ltr'><strong>est</strong></span> 
     </span>
     <span class='ocr_line' id='line_1_20' title="bbox 116 1769 1810 1849; baseline 0.022 -40"><span class='ocrx_word' id='word_1_172' title='bbox 116 1769 328 1813; x_wconf 86' lang='lat' dir='ltr'><strong>cordium.</strong></span> <span class='ocrx_word' id='word_1_173' title='bbox 351 1773 519 1818; x_wconf 88' lang='lat' dir='ltr'><strong>Verum</strong></span> <span class='ocrx_word' id='word_1_174' title='bbox 540 1784 769 1833; x_wconf 90' lang='lat' dir='ltr'><strong>quantum</strong></span> <span class='ocrx_word' id='word_1_175' title='bbox 788 1782 962 1828; x_wconf 91' lang='lat' dir='ltr'><strong>iustitia</strong></span> <span class='ocrx_word' id='word_1_176' title='bbox 979 1788 1102 1831; x_wconf 89' lang='lat' dir='ltr'><strong>utilis</strong></span> <span class='ocrx_word' id='word_1_177' title='bbox 1123 1796 1190 1832; x_wconf 91' lang='lat' dir='ltr'><strong>est</strong></span> <span class='ocrx_word' id='word_1_178' title='bbox 1210 1807 1359 1849; x_wconf 90' lang='lat' dir='ltr'><strong>regno,</strong></span> <span class='ocrx_word' id='word_1_179' title='bbox 1383 1801 1566 1842; x_wconf 89' lang='lat' dir='ltr'><strong>tantum</strong></span> <span class='ocrx_word' id='word_1_180' title='bbox 1586 1801 1810 1847; x_wconf 88' lang='lat' dir='ltr'><strong>iniustitia</strong></span> 
     </span>
     <span class='ocr_line' id='line_1_21' title="bbox 114 1839 1806 1924; baseline 0.023 -45"><span class='ocrx_word' id='word_1_181' title='bbox 114 1839 284 1883; x_wconf 87' lang='lat' dir='ltr'><strong>nociva.</strong></span> <span class='ocrx_word' id='word_1_182' title='bbox 314 1844 472 1899; x_wconf 87' lang='lat' dir='ltr'><strong>Regna</strong></span> <span class='ocrx_word' id='word_1_183' title='bbox 496 1848 616 1891; x_wconf 92' lang='lat' dir='ltr'><strong>enim</strong></span> <span class='ocrx_word' id='word_1_184' title='bbox 641 1853 979 1899; x_wconf 82' lang='lat' dir='ltr'><strong>transferuntur</strong></span> <span class='ocrx_word' id='word_1_185' title='bbox 999 1859 1053 1901; x_wconf 92' lang='lat' dir='ltr'><strong>de</strong></span> <span class='ocrx_word' id='word_1_186' title='bbox 1075 1866 1208 1915; x_wconf 91' lang='lat' dir='ltr'><strong>gente</strong></span> <span class='ocrx_word' id='word_1_187' title='bbox 1224 1863 1269 1905; x_wconf 93' lang='lat' dir='ltr'><strong>in</strong></span> <span class='ocrx_word' id='word_1_188' title='bbox 1291 1872 1472 1920; x_wconf 90' lang='lat' dir='ltr'><strong>gentem</strong></span> <span class='ocrx_word' id='word_1_189' title='bbox 1502 1871 1568 1924; x_wconf 90' lang='lat' dir='ltr'><strong>(ut</strong></span> <span class='ocrx_word' id='word_1_190' title='bbox 1594 1872 1806 1917; x_wconf 83' lang='lat' dir='ltr'><strong>Salomon</strong></span> 
     </span>
     <span class='ocr_line' id='line_1_22' title="bbox 113 1909 1804 1990; baseline 0.023 -40"><span class='ocrx_word' id='word_1_191' title='bbox 113 1909 467 1965; x_wconf 86' lang='lat' dir='ltr'><strong>sapientissimus</strong></span> <span class='ocrx_word' id='word_1_192' title='bbox 517 1918 596 1973; x_wconf 90' lang='lat' dir='ltr'><strong>ait)</strong></span> <span class='ocrx_word' id='word_1_193' title='bbox 652 1928 840 1978; x_wconf 92' lang='lat' dir='ltr'><strong>propter</strong></span> <span class='ocrx_word' id='word_1_194' title='bbox 884 1926 1144 1974; x_wconf 89' lang='lat' dir='ltr'><strong>iniustitias.</strong></span> <span class='ocrx_word' id='word_1_195' title='bbox 1202 1935 1322 1990; x_wconf 74' lang='lat' dir='ltr'><strong>Quid</strong></span> <span class='ocrx_word' id='word_1_196' title='bbox 1368 1939 1487 1982; x_wconf 89' lang='lat' dir='ltr'><strong>enim</strong></span> <span class='ocrx_word' id='word_1_197' title='bbox 1534 1943 1804 1988; x_wconf 90' lang='lat' dir='ltr'><strong>Assiriorum</strong></span> 
     </span>
     <span class='ocr_line' id='line_1_23' title="bbox 111 1984 1799 2065; baseline 0.023 -45"><span class='ocrx_word' id='word_1_198' title='bbox 111 1992 294 2035; x_wconf 90' lang='lat' dir='ltr'><strong>regnum</strong></span> <span class='ocrx_word' id='word_1_199' title='bbox 319 1984 580 2031; x_wconf 86' lang='lat' dir='ltr'><strong>destruxit?</strong></span> <span class='ocrx_word' id='word_1_200' title='bbox 610 1991 855 2039; x_wconf 87' lang='lat' dir='ltr'><strong>Iniustitia.</strong></span> <span class='ocrx_word' id='word_1_201' title='bbox 892 1999 1012 2053; x_wconf 73' lang='lat' dir='ltr'><strong>Quid</strong></span> <span class='ocrx_word' id='word_1_202' title='bbox 1036 2003 1346 2057; x_wconf 83' lang='lat' dir='ltr'><strong>Agathoclem,</strong></span> <span class='ocrx_word' id='word_1_203' title='bbox 1375 2010 1485 2065; x_wconf 89' lang='lat' dir='ltr'><strong>quid</strong></span> <span class='ocrx_word' id='word_1_204' title='bbox 1509 2014 1799 2065; x_wconf 80' lang='lat' dir='ltr'><strong>Antiochum,</strong></span> 
     </span>
     <span class='ocr_line' id='line_1_24' title="bbox 64 2050 1801 2141; baseline 0.023 -51"><span class='ocrx_word' id='word_1_205' title='bbox 64 2050 218 2105; x_wconf 58' lang='lat' dir='ltr'><strong>mquid</strong></span> <span class='ocrx_word' id='word_1_206' title='bbox 248 2054 532 2109; x_wconf 88' lang='lat' dir='ltr'><strong>Dyonisium,</strong></span> <span class='ocrx_word' id='word_1_207' title='bbox 569 2062 759 2107; x_wconf 91' lang='lat' dir='ltr'><strong>Darium</strong></span> <span class='ocrx_word' id='word_1_208' title='bbox 792 2072 837 2108; x_wconf 91' lang='lat' dir='ltr'><strong>et</strong></span> <span class='ocrx_word' id='word_1_209' title='bbox 871 2082 1027 2113; x_wconf 91' lang='lat' dir='ltr'><strong>omnes</strong></span> <span class='ocrx_word' id='word_1_210' title='bbox 1060 2073 1295 2119; x_wconf 82' lang='lat' dir='ltr'><strong>Medorum</strong></span> <span class='ocrx_word' id='word_1_211' title='bbox 1329 2084 1373 2121; x_wconf 91' lang='lat' dir='ltr'><strong>et</strong></span> <span class='ocrx_word' id='word_1_212' title='bbox 1407 2082 1645 2127; x_wconf 87' lang='lat' dir='ltr'><strong>Persarum</strong></span> <span class='ocrx_word' id='word_1_213' title='bbox 1678 2100 1801 2141; x_wconf 86' lang='lat' dir='ltr'><strong>reges</strong></span> 
     </span>
     <span class='ocr_line' id='line_1_25' title="bbox 107 2116 1800 2203; baseline 0.023 -42"><span class='ocrx_word' id='word_1_214' title='bbox 107 2116 271 2165; x_wconf 82' lang='lat' dir='ltr'><strong>hOnore</strong></span> <span class='ocrx_word' id='word_1_215' title='bbox 299 2126 500 2180; x_wconf 77' lang='lat' dir='ltr'><strong>privavit</strong></span> <span class='ocrx_word' id='word_1_216' title='bbox 521 2136 567 2172; x_wconf 92' lang='lat' dir='ltr'><strong>et</strong></span> <span class='ocrx_word' id='word_1_217' title='bbox 589 2147 725 2189; x_wconf 89' lang='lat' dir='ltr'><strong>regno</strong></span> <span class='ocrx_word' id='word_1_218' title='bbox 748 2138 929 2193; x_wconf 83' lang='lat' dir='ltr'><strong>exegit?</strong></span> <span class='ocrx_word' id='word_1_219' title='bbox 964 2142 1207 2188; x_wconf 90' lang='lat' dir='ltr'><strong>Iniustitia.</strong></span> <span class='ocrx_word' id='word_1_220' title='bbox 1244 2148 1364 2203; x_wconf 75' lang='lat' dir='ltr'><strong>Quid</strong></span> <span class='ocrx_word' id='word_1_221' title='bbox 1391 2152 1608 2203; x_wconf 89' lang='lat' dir='ltr'><strong>Athenas,</strong></span> <span class='ocrx_word' id='word_1_222' title='bbox 1639 2157 1800 2199; x_wconf 91' lang='lat' dir='ltr'><strong>urbem</strong></span> 
     </span>
     <span class='ocr_line' id='line_1_26' title="bbox 108 2191 1792 2269; baseline 0.022 -36"><span class='ocrx_word' id='word_1_223' title='bbox 108 2191 211 2234; x_wconf 81' lang='lat' dir='ltr'><strong>olim</strong></span> <span class='ocrx_word' id='word_1_224' title='bbox 229 2195 594 2244; x_wconf 88' lang='lat' dir='ltr'><strong>florentissimam</strong></span> <span class='ocrx_word' id='word_1_225' title='bbox 614 2208 659 2246; x_wconf 91' lang='lat' dir='ltr'><strong>et</strong></span> <span class='ocrx_word' id='word_1_226' title='bbox 680 2207 836 2250; x_wconf 89' lang='lat' dir='ltr'><strong>multis</strong></span> <span class='ocrx_word' id='word_1_227' title='bbox 874 2210 981 2254; x_wconf 86' lang='lat' dir='ltr'><strong>viris</strong></span> <span class='ocrx_word' id='word_1_228' title='bbox 1002 2214 1344 2269; x_wconf 87' lang='lat' dir='ltr'><strong>sapientissimis</strong></span> <span class='ocrx_word' id='word_1_229' title='bbox 1364 2228 1573 2266; x_wconf 91' lang='lat' dir='ltr'><strong>ornatam</strong></span> <span class='ocrx_word' id='word_1_230' title='bbox 1594 2227 1757 2268; x_wconf 76' lang='lat' dir='ltr'><strong>evertit</strong></span> <span class='ocrx_word' id='word_1_231' title='bbox 1777 2228 1792 2269; x_wconf 86' lang='lat'><strong>?</strong></span> 
     </span>
     <span class='ocr_line' id='line_1_27' title="bbox 107 2259 1795 2340; baseline 0.023 -37"><span class='ocrx_word' id='word_1_232' title='bbox 107 2259 333 2309; x_wconf 91' lang='lat' dir='ltr'><strong>Iniustitia</strong></span> <span class='ocrx_word' id='word_1_233' title='bbox 373 2274 418 2310; x_wconf 91' lang='lat' dir='ltr'><strong>et</strong></span> <span class='ocrx_word' id='word_1_234' title='bbox 458 2271 608 2327; x_wconf 88' lang='lat' dir='ltr'><strong>legum</strong></span> <span class='ocrx_word' id='word_1_235' title='bbox 649 2282 952 2335; x_wconf 90' lang='lat' dir='ltr'><strong>contemptus.</strong></span> <span class='ocrx_word' id='word_1_236' title='bbox 995 2285 1115 2339; x_wconf 76' lang='lat' dir='ltr'><strong>Quid</strong></span> <span class='ocrx_word' id='word_1_237' title='bbox 1145 2288 1304 2331; x_wconf 90' lang='lat' dir='ltr'><strong>urbem</strong></span> <span class='ocrx_word' id='word_1_238' title='bbox 1336 2291 1795 2340; x_wconf 83' lang='lat' dir='ltr'><strong>Lacedaemoniorum</strong></span> 
     </span>
     <span class='ocr_line' id='line_1_28' title="bbox 104 2334 1792 2423; baseline 0.021 -49"><span class='ocrx_word' id='word_1_239' title='bbox 104 2334 488 2387; x_wconf 87' lang='lat' dir='ltr'><strong>opulentissimam</strong></span> <span class='ocrx_word' id='word_1_240' title='bbox 516 2339 610 2387; x_wconf 90' lang='lat' dir='ltr'><strong>solo</strong></span> <span class='ocrx_word' id='word_1_241' title='bbox 639 2350 868 2403; x_wconf 73' lang='lat' dir='ltr'><strong>aequavit,</strong></span> <span class='ocrx_word' id='word_1_242' title='bbox 908 2352 993 2395; x_wconf 89' lang='lat' dir='ltr'><strong>nisi</strong></span> <span class='ocrx_word' id='word_1_243' title='bbox 1032 2355 1181 2410; x_wconf 90' lang='lat' dir='ltr'><strong>legum</strong></span> <span class='ocrx_word' id='word_1_244' title='bbox 1222 2358 1570 2406; x_wconf 81' lang='lat' dir='ltr'><strong>iustissimamm</strong></span> <span class='ocrx_word' id='word_1_245' title='bbox 1598 2366 1792 2423; x_wconf 87' lang='lat' dir='ltr'><strong>Lycurgi</strong></span> 
     </span>
     <span class='ocr_line' id='line_1_29' title="bbox 57 2409 1790 2493; baseline 0.022 -50"><span class='ocrx_word' id='word_1_246' title='bbox 57 2409 421 2463; x_wconf 72' lang='lat' dir='ltr'><strong>aocontemptus?</strong></span> <span class='ocrx_word' id='word_1_247' title='bbox 477 2414 597 2469; x_wconf 74' lang='lat' dir='ltr'><strong>Quid</strong></span> <span class='ocrx_word' id='word_1_248' title='bbox 640 2420 1007 2471; x_wconf 91' lang='lat' dir='ltr'><strong>potentissimum</strong></span> <span class='ocrx_word' id='word_1_249' title='bbox 1053 2427 1364 2473; x_wconf 90' lang='lat' dir='ltr'><strong>Romanorum</strong></span> <span class='ocrx_word' id='word_1_250' title='bbox 1408 2432 1646 2489; x_wconf 89' lang='lat' dir='ltr'><strong>imperium</strong></span> <span class='ocrx_word' id='word_1_251' title='bbox 1689 2452 1790 2493; x_wconf 91' lang='lat' dir='ltr'><strong>pro-</strong></span> 
     </span>
     <span class='ocr_line' id='line_1_30' title="bbox 102 2476 1790 2564; baseline 0.023 -50"><span class='ocrx_word' id='word_1_252' title='bbox 102 2476 274 2526; x_wconf 87' lang='lat' dir='ltr'><strong>stravit,</strong></span> <span class='ocrx_word' id='word_1_253' title='bbox 311 2479 396 2522; x_wconf 88' lang='lat' dir='ltr'><strong>nisi</strong></span> <span class='ocrx_word' id='word_1_254' title='bbox 431 2481 657 2529; x_wconf 90' lang='lat' dir='ltr'><strong>iniustitia</strong></span> <span class='ocrx_word' id='word_1_255' title='bbox 691 2493 736 2530; x_wconf 93' lang='lat' dir='ltr'><strong>et</strong></span> <span class='ocrx_word' id='word_1_256' title='bbox 771 2490 921 2545; x_wconf 85' lang='lat' dir='ltr'><strong>legum</strong></span> <span class='ocrx_word' id='word_1_257' title='bbox 958 2494 1131 2539; x_wconf 71' lang='lat' dir='ltr'><strong>violata</strong></span> <span class='ocrx_word' id='word_1_258' title='bbox 1164 2498 1379 2543; x_wconf 88' lang='lat' dir='ltr'><strong>libertas?</strong></span> <span class='ocrx_word' id='word_1_259' title='bbox 1421 2503 1466 2545; x_wconf 83' lang='lat' dir='ltr'><strong>Si</strong></span> <span class='ocrx_word' id='word_1_260' title='bbox 1501 2505 1632 2558; x_wconf 90' lang='lat' dir='ltr'><strong>enim,</strong></span> <span class='ocrx_word' id='word_1_261' title='bbox 1673 2523 1790 2564; x_wconf 91' lang='lat' dir='ltr'><strong>quae</strong></span> 
     </span>
     <span class='ocr_line' id='line_1_31' title="bbox 101 2543 1787 2633; baseline 0.022 -47"><span class='ocrx_word' id='word_1_262' title='bbox 101 2543 296 2590; x_wconf 87' lang='lat' dir='ltr'><strong>ediderat</strong></span> <span class='ocrx_word' id='word_1_263' title='bbox 313 2550 466 2596; x_wconf 90' lang='lat' dir='ltr'><strong>Numa</strong></span> <span class='ocrx_word' id='word_1_264' title='bbox 481 2555 740 2612; x_wconf 89' lang='lat' dir='ltr'><strong>Pompilius,</strong></span> <span class='ocrx_word' id='word_1_265' title='bbox 760 2559 974 2606; x_wconf 87' lang='lat' dir='ltr'><strong>instituta</strong></span> <span class='ocrx_word' id='word_1_266' title='bbox 990 2574 1257 2618; x_wconf 75' lang='lat' dir='ltr'><strong>servassent,</strong></span> <span class='ocrx_word' id='word_1_267' title='bbox 1282 2571 1318 2613; x_wconf 89' lang='lat' dir='ltr'><strong>si</strong></span> <span class='ocrx_word' id='word_1_268' title='bbox 1340 2573 1495 2628; x_wconf 90' lang='lat' dir='ltr'><strong>Opiae,</strong></span> <span class='ocrx_word' id='word_1_269' title='bbox 1525 2577 1561 2618; x_wconf 89' lang='lat' dir='ltr'><strong>si</strong></span> <span class='ocrx_word' id='word_1_270' title='bbox 1584 2578 1787 2633; x_wconf 89' lang='lat' dir='ltr'><strong>Cythiae,</strong></span> 
     </span>
     <span class='ocr_line' id='line_1_32' title="bbox 100 2612 1787 2703; baseline 0.023 -47"><span class='ocrx_word' id='word_1_271' title='bbox 100 2612 135 2654; x_wconf 84' lang='lat' dir='ltr'><strong>si</strong></span> <span class='ocrx_word' id='word_1_272' title='bbox 157 2616 373 2673; x_wconf 84' lang='lat' dir='ltr'><strong>Aquiliae,</strong></span> <span class='ocrx_word' id='word_1_273' title='bbox 406 2623 442 2666; x_wconf 92' lang='lat' dir='ltr'><strong>si</strong></span> <span class='ocrx_word' id='word_1_274' title='bbox 477 2626 674 2677; x_wconf 85' lang='lat' dir='ltr'><strong>Clodiae,</strong></span> <span class='ocrx_word' id='word_1_275' title='bbox 711 2629 747 2671; x_wconf 89' lang='lat' dir='ltr'><strong>si</strong></span> <span class='ocrx_word' id='word_1_276' title='bbox 788 2631 1015 2677; x_wconf 86' lang='lat' dir='ltr'><strong>Corneliae</strong></span> <span class='ocrx_word' id='word_1_277' title='bbox 1056 2637 1335 2696; x_wconf 88' lang='lat' dir='ltr'><strong>aliarumque</strong></span> <span class='ocrx_word' id='word_1_278' title='bbox 1374 2644 1523 2700; x_wconf 90' lang='lat' dir='ltr'><strong>legum</strong></span> <span class='ocrx_word' id='word_1_279' title='bbox 1563 2649 1686 2703; x_wconf 91' lang='lat' dir='ltr'><strong>apud</strong></span> <span class='ocrx_word' id='word_1_280' title='bbox 1712 2665 1787 2694; x_wconf 89' lang='lat' dir='ltr'><strong>eos</strong></span> 
     </span>
     <span class='ocr_line' id='line_1_33' title="bbox 98 2682 1788 2776; baseline 0.022 -49"><span class='ocrx_word' id='word_1_281' title='bbox 98 2682 250 2730; x_wconf 63' lang='lat' dir='ltr'><strong>fuisset</strong></span> <span class='ocrx_word' id='word_1_282' title='bbox 271 2691 573 2746; x_wconf 86' lang='lat' dir='ltr'><strong>observantia,</strong></span> <span class='ocrx_word' id='word_1_283' title='bbox 599 2698 770 2743; x_wconf 83' lang='lat' dir='ltr'><strong>diutius</strong></span> <span class='ocrx_word' id='word_1_284' title='bbox 791 2701 1029 2758; x_wconf 88' lang='lat' dir='ltr'><strong>imperium</strong></span> <span class='ocrx_word' id='word_1_285' title='bbox 1052 2721 1184 2752; x_wconf 90' lang='lat' dir='ltr'><strong>suum</strong></span> <span class='ocrx_word' id='word_1_286' title='bbox 1207 2712 1322 2754; x_wconf 90' lang='lat' dir='ltr'><strong>tueri</strong></span> <span class='ocrx_word' id='word_1_287' title='bbox 1345 2716 1613 2769; x_wconf 85' lang='lat' dir='ltr'><strong>potuissent.</strong></span> <span class='ocrx_word' id='word_1_288' title='bbox 1654 2721 1788 2776; x_wconf 77' lang='lat' dir='ltr'><strong>Quod</strong></span> 
     </span>
     <span class='ocr_line' id='line_1_34' title="bbox 51 2759 1787 2835; baseline 0.023 -39"><span class='ocrx_word' id='word_1_289' title='bbox 51 2759 314 2808; x_wconf 80' lang='lat' dir='ltr'><strong>35praeclare</strong></span> <span class='ocrx_word' id='word_1_290' title='bbox 331 2764 547 2809; x_wconf 89' lang='lat' dir='ltr'><strong>Romanis</strong></span> <span class='ocrx_word' id='word_1_291' title='bbox 565 2769 801 2815; x_wconf 78' lang='lat' dir='ltr'><strong>Sallustius</strong></span> <span class='ocrx_word' id='word_1_292' title='bbox 818 2779 1061 2830; x_wconf 80' lang='lat' dir='ltr'><strong>exprobrat</strong></span> <span class='ocrx_word' id='word_1_293' title='bbox 1085 2781 1152 2822; x_wconf 87' lang='lat' dir='ltr'><strong>his</strong></span> <span class='ocrx_word' id='word_1_294' title='bbox 1171 2785 1320 2825; x_wconf 83' lang='lat' dir='ltr'><strong>verbis</strong></span> <span class='ocrx_word' id='word_1_295' title='bbox 1340 2800 1346 2827; x_wconf 91' lang='grc'>;</span> <span class='ocrx_word' id='word_1_296' title='bbox 1374 2787 1520 2830; x_wconf 76' lang='lat' dir='ltr'><strong>Nolite</strong></span> <span class='ocrx_word' id='word_1_297' title='bbox 1541 2791 1787 2835; x_wconf 69' lang='lat' dir='ltr'><strong>existimare</strong></span> 
     </span>
     <span class='ocr_line' id='line_1_35' title="bbox 95 2827 1786 2919; baseline 0.022 -50"><span class='ocrx_word' id='word_1_298' title='bbox 95 2827 273 2873; x_wconf 78' lang='lat' dir='ltr'><strong>maiores</strong></span> <span class='ocrx_word' id='word_1_299' title='bbox 295 2841 460 2879; x_wconf 78' lang='lat' dir='ltr'><strong>nostros</strong></span> <span class='ocrx_word' id='word_1_300' title='bbox 478 2841 614 2883; x_wconf 82' lang='lat' dir='ltr'><strong>armis</strong></span> <span class='ocrx_word' id='word_1_301' title='bbox 632 2845 943 2898; x_wconf 74' lang='lat' dir='ltr'><strong>rempublicam</strong></span> <span class='ocrx_word' id='word_1_302' title='bbox 962 2863 1012 2890; x_wconf 74' lang='lat' dir='ltr'><strong>ex</strong></span> <span class='ocrx_word' id='word_1_303' title='bbox 1028 2854 1165 2904; x_wconf 71' lang='lat' dir='ltr'><strong>parva</strong></span> <span class='ocrx_word' id='word_1_304' title='bbox 1185 2867 1392 2910; x_wconf 78' lang='lat' dir='ltr'><strong>magn-am</strong></span> <span class='ocrx_word' id='word_1_305' title='bbox 1421 2859 1587 2911; x_wconf 75' lang='lat' dir='ltr'><strong>jecisse,</strong></span> <span class='ocrx_word' id='word_1_306' title='bbox 1621 2864 1786 2919; x_wconf 71' lang='lat' dir='ltr'><strong>quippe</strong></span> 
     </span>
     <span class='ocr_line' id='line_1_36' title="bbox 95 2900 1785 2984; baseline 0.023 -45"><span class='ocrx_word' id='word_1_307' title='bbox 95 2900 274 2954; x_wconf 74' lang='lat' dir='ltr'><strong>amplior</strong></span> <span class='ocrx_word' id='word_1_308' title='bbox 305 2906 443 2957; x_wconf 79' lang='lat' dir='ltr'><strong>nobis,</strong></span> <span class='ocrx_word' id='word_1_309' title='bbox 478 2923 609 2964; x_wconf 81' lang='lat' dir='ltr'><strong>quam</strong></span> <span class='ocrx_word' id='word_1_310' title='bbox 642 2912 733 2956; x_wconf 82' lang='lat' dir='ltr'><strong>illis</strong></span> <span class='ocrx_word' id='word_1_311' title='bbox 765 2921 825 2958; x_wconf 78' lang='lat' dir='ltr'><strong>est</strong></span> <span class='ocrx_word' id='word_1_312' title='bbox 857 2932 1077 2962; x_wconf 72' lang='lat' dir='ltr'><strong>armorum</strong></span> <span class='ocrx_word' id='word_1_313' title='bbox 1109 2923 1271 2978; x_wconf 51' lang='lat' dir='ltr'><strong>copim·</strong></span> <span class='ocrx_word' id='word_1_314' title='bbox 1304 2929 1377 2970; x_wconf 76' lang='lat' dir='ltr'><strong>scd</strong></span> <span class='ocrx_word' id='word_1_315' title='bbox 1410 2931 1514 2984; x_wconf 73' lang='lat' dir='ltr'><strong>quia</strong></span> <span class='ocrx_word' id='word_1_316' title='bbox 1548 2932 1597 2974; x_wconf 75' lang='lat' dir='ltr'><strong>in</strong></span> <span class='ocrx_word' id='word_1_317' title='bbox 1630 2934 1692 2975; x_wconf 79' lang='lat' dir='ltr'><strong>eis</strong></span> <span class='ocrx_word' id='word_1_318' title='bbox 1725 2941 1785 2977; x_wconf 73' lang='lat' dir='ltr'><strong>est</strong></span> 
     </span>
     <span class='ocr_line' id='line_1_37' title="bbox 93 2966 1781 3055; baseline 0.023 -46"><span class='ocrx_word' id='word_1_319' title='bbox 93 2966 205 3011; x_wconf 84' lang='lat' dir='ltr'><strong>domi</strong></span> <span class='ocrx_word' id='word_1_320' title='bbox 230 2972 462 3028; x_wconf 79' lang='lat' dir='ltr'><strong>industria,</strong></span> <span class='ocrx_word' id='word_1_321' title='bbox 490 2980 599 3032; x_wconf 74' lang='lat' dir='ltr'><strong>foris</strong></span> <span class='ocrx_word' id='word_1_322' title='bbox 627 2983 792 3028; x_wconf 84' lang='lat' dir='ltr'><strong>iustum</strong></span> <span class='ocrx_word' id='word_1_323' title='bbox 824 2987 1074 3044; x_wconf 71' lang='lat' dir='ltr'><strong>imperium,</strong></span> <span class='ocrx_word' id='word_1_324' title='bbox 1104 2992 1153 3035; x_wconf 81' lang='lat' dir='ltr'><strong>in</strong></span> <span class='ocrx_word' id='word_1_325' title='bbox 1183 2999 1440 3042; x_wconf 78' lang='lat' dir='ltr'><strong>consulendo</strong></span> <span class='ocrx_word' id='word_1_326' title='bbox 1462 3002 1640 3045; x_wconf 76' lang='lat' dir='ltr'><strong>animus</strong></span> <span class='ocrx_word' id='word_1_327' title='bbox 1660 3005 1781 3055; x_wconf 77' lang='lat' dir='ltr'><strong>liber,</strong></span> 
     </span>
     <span class='ocr_line' id='line_1_38' title="bbox 92 3044 1780 3118; baseline 0.023 -38"><span class='ocrx_word' id='word_1_328' title='bbox 92 3049 222 3092; x_wconf 77' lang='lat' dir='ltr'><strong>neque</strong></span> <span class='ocrx_word' id='word_1_329' title='bbox 251 3044 412 3097; x_wconf 82' lang='lat' dir='ltr'><strong>delicto,</strong></span> <span class='ocrx_word' id='word_1_330' title='bbox 445 3065 582 3105; x_wconf 77' lang='lat' dir='ltr'><strong>neque</strong></span> <span class='ocrx_word' id='word_1_331' title='bbox 611 3054 792 3098; x_wconf 80' lang='lat' dir='ltr'><strong>libidini</strong></span> <span class='ocrx_word' id='word_1_332' title='bbox 822 3059 1031 3102; x_wconf 78' lang='lat' dir='ltr'><strong>obnoxius</strong></span> <span class='ocrx_word' id='word_1_333' title='bbox 1048 3076 1066 3109; x_wconf 87' lang='lat'><strong>,·</strong></span> <span class='ocrx_word' id='word_1_334' title='bbox 1100 3067 1178 3118; x_wconf 73' lang='lat' dir='ltr'><strong>pro</strong></span> <span class='ocrx_word' id='word_1_335' title='bbox 1209 3065 1279 3108; x_wconf 74' lang='lat' dir='ltr'><strong>his</strong></span> <span class='ocrx_word' id='word_1_336' title='bbox 1310 3083 1388 3112; x_wconf 80' lang='lat' dir='ltr'><strong>nos</strong></span> <span class='ocrx_word' id='word_1_337' title='bbox 1418 3072 1622 3116; x_wconf 80' lang='lat' dir='ltr'><strong>habemus</strong></span> <span class='ocrx_word' id='word_1_338' title='bbox 1652 3076 1780 3117; x_wconf 74' lang='lat' dir='ltr'><em>luxu-</em></span> 
     </span>
     <span class='ocr_line' id='line_1_39' title="bbox 43 3106 1781 3197; baseline 0.024 -49"><span class='ocrx_word' id='word_1_339' title='bbox 43 3106 199 3152; x_wconf 73' lang='lat' dir='ltr'><strong>wriam</strong></span> <span class='ocrx_word' id='word_1_340' title='bbox 229 3118 354 3168; x_wconf 83' lang='lat' dir='ltr'><strong>atque</strong></span> <span class='ocrx_word' id='word_1_341' title='bbox 386 3121 619 3165; x_wconf 74' lang='lat' dir='ltr'><strong>avaritiam</strong></span> <span class='ocrx_word' id='word_1_342' title='bbox 649 3127 820 3180; x_wconf 76' lang='lat' dir='ltr'><strong>publice</strong></span> <span class='ocrx_word' id='word_1_343' title='bbox 852 3135 1123 3185; x_wconf 73' lang='lat' dir='ltr'><strong>egestaizteni,</strong></span> <span class='ocrx_word' id='word_1_344' title='bbox 1155 3136 1365 3190; x_wconf 72' lang='lat' dir='ltr'><strong>privatim</strong></span> <span class='ocrx_word' id='word_1_345' title='bbox 1397 3144 1634 3197; x_wconf 77' lang='lat' dir='ltr'><strong>opulentia,</strong></span> <span class='ocrx_word' id='word_1_346' title='bbox 1668 3145 1781 3188; x_wconf 75' lang='lat' dir='ltr'><strong>inter</strong></span> 
     </span>
     <span class='ocr_line' id='line_1_40' title="bbox 87 3175 1777 3266; baseline 0.024 -47"><span class='ocrx_word' id='word_1_347' title='bbox 87 3175 210 3223; x_wconf 83' lang='lat' dir='ltr'><strong>bonos</strong></span> <span class='ocrx_word' id='word_1_348' title='bbox 242 3189 278 3226; x_wconf 84' lang='lat' dir='ltr'><strong>et</strong></span> <span class='ocrx_word' id='word_1_349' title='bbox 310 3189 444 3231; x_wconf 82' lang='lat' dir='ltr'><strong>malos</strong></span> <span class='ocrx_word' id='word_1_350' title='bbox 477 3194 648 3237; x_wconf 80' lang='lat' dir='ltr'><strong>nullum</strong></span> <span class='ocrx_word' id='word_1_351' title='bbox 681 3196 931 3250; x_wconf 78' lang='lat' dir='ltr'><strong>discrimen,</strong></span> <span class='ocrx_word' id='word_1_352' title='bbox 968 3203 1115 3246; x_wconf 82' lang='lat' dir='ltr'><strong>omnia</strong></span> <span class='ocrx_word' id='word_1_353' title='bbox 1149 3206 1320 3251; x_wconf 79' lang='lat' dir='ltr'><strong>virtutis</strong></span> <span class='ocrx_word' id='word_1_354' title='bbox 1352 3214 1564 3266; x_wconf 74' lang='lat' dir='ltr'><strong>praemia,</strong></span> <span class='ocrx_word' id='word_1_355' title='bbox 1598 3216 1777 3258; x_wconf 79' lang='lat' dir='ltr'><strong>ambitio</strong></span> 
     </span>
    </p>
   </div>
  </div>
 </body>
</html>
