2188 3535
149 1196 217 1227 Maj.
243 1203 283 1227 14.

136 1337 218 1364 Decz.
243 1345 256 1362 2
261 1344 286 1368 5.

120 1409 221 1433 Μέτοι.
242 1409 286 1433 26.

152 1478 218 1509 Maij.
242 1486 285 1510 25.

146 1622 216 1652 Aug.
242 1629 285 1652 25.

136 1693 220 1718 Decz.
242 1699 284 1724 ²5·

115 1763 215 1789 Marcz.
241 1771 285 1795 23.

116 1834 216 1861 Marcz.
240 1835 283 1860 26.

306 164 377 197 124
1068 149 1142 184 No.
1177 160 1226 195 47
1680 149 1792 195 [1581
1829 147 1912 193 apr.
1952 158 1995 183 12

1112 318 1183 362 47.

732 416 1121 465 Kolozsmonostor,
1156 418 1270 472 1581
1301 418 1460 473 a'prilis
1492 429 1561 460 12.

354 525 399 563 P.
424 524 576 574 Wujek
598 523 739 574 Jakab
759 523 902 563 rektor
924 524 970 563 P.
993 525 1220 578 Aquaviva
1244 525 1419 566 Claudio
1440 521 1945 577 jezsuita-generalisnak.

426 617 488 655 ΑΖ
511 617 631 666 atydk
654 616 878 657 miikade'se.
904 618 965 657 De
989 618 1152 658 kevesen
1173 619 1299 665 leven,
1323 619 1444 670 aijabb
1467 631 1638 670 magyar
1659 616 1838 656 tdrsakat
1862 616 1998 655 kiva'n.

297 674 347 714 P.
369 673 601 713 Odescalchi
621 673 727 726 beteg
745 687 765 713 s
786 675 855 726 igy
874 675 1041 715 minden
1061 689 1085 714 α
1106 689 1226 728 maga
1247 677 1401 715 va‘lla'ra
1421 675 1598 722 nehezi'c'l,
1618 675 1742 727 pedig
1760 687 1785 712 a
1804 672 2001 712 va'rosban
2032 681 2050 710 5

299 733 335 771 is
369 732 439 770 sok
472 732 610 770 teendb'
642 733 714 771 ὐάν
745 734 827 779 red,
861 746 886 772 a
919 735 1023 773 mint
1056 734 1316 774 bekdltdznek.

414 828 676 871 Admodum
704 822 782 871 Rd²
807 828 855 871 in
888 829 1065 872 Christo
1093 831 1241 873 Pater.
1273 831 1370 874 Pax
1398 829 1562 873 Christi
1590 833 1675 872 etc.

414 899 482 942 De
522 912 730 941 successu
769 899 942 956 collegii
981 901 1325 957 Transylvanici
1365 901 1549 944 tametsi
1589 914 1681 943 non
1719 899 1786 942 ita
1825 898 2000 955 pridem

301 970 354 1012 R.
383 970 431 1012 P.
460 969 657 1012 Oliverio
682 974 728 1012 et
758 971 812 1013 R.
832 971 880 1013 P.
898 972 1023 1013 Tuae
1047 972 1216 1028 scripsi,
1245 977 1401 1015 tamen
1426 977 1470 1015 et
1496 975 1781 1028 praesentem
1806 970 2000 1013 occasio-

297 1054 404 1082 nem
426 1054 517 1082 non
539 1041 701 1096 putavi
724 1055 818 1084 esse
840 1042 1167 1098 negligendam.
1193 1043 1379 1086 Scholas
1401 1043 1693 1086 aedificamus
1714 1041 1826 1084 satis
1848 1054 2000 1096 sump·
2015 1059 2050 1087 ιο

300 1115 455 1161 tuose;
490 1116 697 1154 nostrum
729 1111 868 1155 etiarn
895 1113 1131 1170 collegium
1152 1113 1199 1156 in
1221 1114 1409 1157 civitate
1441 1113 1814 1156 accommodatur
1845 1116 2000 1154 nostro

299 1181 524 1224 instituto.
568 1182 810 1237 Speramus
847 1182 894 1226 in
932 1184 1142 1234 Domino,
1185 1185 1308 1241 quod
1346 1185 1464 1228 circa
1501 1185 1671 1228 festum
1710 1185 2000 1226 Pentecostes

299 1252 403 1294 hinc
424 1251 471 1294 in
492 1252 728 1296 civitatem
749 1254 1042 1310 commigrare
1064 1260 1109 1297 et
1131 1256 1306 1298 scholas
1327 1256 1499 1312 aperire
1520 1255 1782 1312 poterimus,

416 1324 456 1365 A
491 1323 748 1366 Nativitate
791 1325 974 1367 Domini
1017 1339 1160 1382 usque
1202 1327 1262 1369 ad
1305 1327 1479 1370 Pascha
1506 1327 1748 1370 audierunt
1780 1323 1923 1367 nostri
1954 1323 2000 1365 in

301 1392 488 1436 diversis
533 1394 641 1436 locis
682 1394 982 1439 confessiones
1025 1397 1262 1439 hominum
1305 1398 1482 1440 circiter
1526 1411 1650 1440 1000.
1703 1393 2000 1439 Reconciliati
2015 1413 2049 1440 15

301 1464 511 1506 ecclesiae
534 1465 748 1507 haeretici
771 1466 830 1508 ad
845 1479 942 1520 300,
962 1481 1016 1509 ex
1033 1467 1198 1523 quibus
1214 1468 1385 1510 nobiles
1398 1469 1571 1524 aliquot
1588 1468 1724 1510 fuere.
1742 1468 1795 1509 In
1811 1466 2000 1509 civitate

300 1534 360 1576 ad
389 1534 557 1577 festum
586 1535 793 1591 Corporis
816 1537 980 1580 Christi
998 1538 1391 1581 communicarunt
1423 1554 1542 1582 anno
1573 1538 1819 1595 praeterito
1837 1549 1906 1591 43.
1927 1535 2000 1578 Ad

300 1604 467 1648 festum
496 1607 832 1662 Assumptionis
863 1608 915 1651 B.
940 1608 1134 1664 Virginis
1162 1620 1230 1662 50.
1261 1609 1334 1652 Ad
1362 1611 1574 1652 Natalem
1603 1608 1786 1653 Domini
1814 1608 1882 1650 60.
1914 1606 1998 1649 Die

299 1675 429 1730 Jovis
461 1681 619 1718 sancto
648 1687 715 1731 53.
752 1677 836 1720 Die
869 1680 1068 1722 Paschae
1106 1692 1200 1735 140.
1240 1681 1383 1723 Albae
1419 1681 1568 1735 Juliae
1604 1679 1998 1723 communicarunt

299 1746 359 1789 ad
381 1747 556 1790 Pascha
581 1760 675 1790 100.
716 1748 769 1790 In
805 1763 922 1804 pago
951 1750 1065 1792 Sard
1097 1750 1284 1806 quidam
1316 1751 1537 1794 nobilium
1572 1764 1666 1794 100.
1703 1751 1758 1792 In
1791 1751 1908 1792 Bacs
1940 1747 2000 1790 ad
2012 1767 2048 1794 20

299 1817 367 1859 60.
404 1818 459 1859 In
491 1819 724 1860 Monostor
756 1819 815 1861 ad
847 1820 915 1862 60.
964 1820 1274 1864 Confessiones
1329 1823 1556 1877 generales
1599 1821 1783 1865 auditae
1826 1820 1886 1863 ad
1927 1830 1996 1873 50.

299 1889 428 1931 Unus
460 1889 690 1931 confessus
721 1895 802 1939 est,
838 1891 915 1946 qui
947 1891 1266 1935 commercium
1298 1906 1378 1948 per
1405 1892 1638 1936 biennium
1673 1892 1874 1935 habebat
1895 1904 1998 1933 cum

299 1958 531 2009 daemone,
567 1974 593 2002 a
622 1975 712 2015 quo
745 1960 996 2016 accipiebat
1030 1963 1244 2018 pecunias
1275 1967 1320 2005 et
1353 1964 1667 2020 chyrographo
1699 1977 1745 2005 se
1777 1961 1840 2004 illi
1871 1960 1998 2004 addi-

297 2035 426 2071 xerat
447 2043 457 2080 ;
504 2030 583 2072 sed
627 2036 730 2086 post
777 2032 1102 2075 confessionem
1148 2034 1512 2091 chyrographum
1552 2036 1746 2078 daemon
1780 2032 1994 2081 restituit,

297 2101 420 2156 quod
455 2100 550 2156 ipse
585 2101 743 2144 statim
779 2103 1041 2146 combussit.
2010 2119 2046 2147 25

413 2172 538 2213 Haec
574 2186 717 2227 parva
754 2173 938 2229 quidem
974 2179 1080 2216 sunt
1118 2175 1277 2225 fateor,
1316 2176 1395 2218 sed
1430 2177 1476 2220 in
1511 2178 1597 2220 hac
1633 2177 1819 2219 natione
1855 2188 1998 2232 prava

297 2246 435 2297 atque
474 2256 685 2297 perversa
713 2243 898 2287 minime
931 2246 1277 2288 contemnenda.
1315 2248 1558 2298 Haeretici,
1595 2248 1673 2305 qui
1707 2252 1814 2290 ante
1847 2245 1998 2303 prohi-

296 2313 466 2355 bebant
489 2327 606 2363 suos,
631 2328 687 2356 ne
710 2315 946 2358 conciones
969 2321 1228 2359 nostrorum
1250 2318 1460 2360 audirent
1479 2335 1486 2362 1
1511 2319 1602 2362 iam
1618 2319 1703 2361 illis
1722 2317 1995 2375 permittunt

297 2383 451 2425 audire
476 2388 520 2426 et
545 2384 682 2427 libere
706 2385 791 2427 sibi
816 2387 887 2428 vel
911 2387 1041 2429 nobis
1065 2388 1256 2430 credere.
1285 2389 1508 2445 Impletur
1531 2390 1687 2446 itaque
1711 2387 1996 2432 auditoribus

296 2455 517 2510 templum
544 2460 752 2498 nostrum
778 2461 823 2498 et
850 2457 983 2499 multi
1009 2459 1232 2513 paulatim
1259 2460 1541 2515 resipiscunt.
1579 2461 1712 2517 Quod
1738 2461 1774 2502 si
1801 2458 1995 2516 pruden-
2008 2473 2044 2500 30

296 2529 390 2566 tem
411 2530 455 2566 et
477 2526 765 2570 obedientem
787 2528 1151 2571 concionatorem
1173 2530 1442 2573 haberemus
1463 2544 1469 2572 :
1509 2533 1658 2588 plures
1679 2531 1883 2588 profecto
1904 2529 1996 2571 iam

296 2600 443 2636 essent
460 2596 682 2639 catholici.
702 2598 789 2640 Sed
805 2599 950 2641 bonus
967 2600 1014 2642 P.
1034 2600 1305 2655 Stephanus,
1324 2602 1460 2645 toties
1475 2603 1588 2646 serio
1604 2602 1879 2650 admonitus,
1904 2613 1995 2641 non

296 2670 450 2707 tamen
472 2680 517 2707 se
539 2668 741 2710 continet
764 2683 790 2711 a
811 2670 1063 2712 maledictis
1084 2676 1129 2712 et
1151 2671 1365 2714 conviciis
1385 2672 1432 2715 in
1448 2673 1697 2716 haereticos
1713 2673 1759 2715 in
1776 2673 1875 2728 ipsa
1889 2684 1992 2712 con-

296 2735 421 2778 cione
441 2752 447 2779 :
472 2737 592 2779 unde
614 2752 704 2780 non
727 2754 895 2794 paucos
912 2741 1079 2783 alienat
1096 2756 1122 2784 a
1137 2755 1182 2783 se
1199 2747 1243 2784 et
1261 2757 1350 2798 quo
1371 2743 1538 2787 damno
1553 2744 1727 2801 repellit
1744 2749 1789 2786 et
1806 2740 1991 2785 catholi-

295 2820 370 2848 cos
385 2807 523 2849 etiam
539 2809 741 2852 offendit.
768 2811 929 2866 Quare,
947 2811 983 2853 si
999 2812 1102 2854 huic
1118 2813 1377 2867 provinciae
1394 2816 1447 2857 R.
1468 2816 1515 2858 P.
1533 2816 1632 2858 Tua
1647 2820 1803 2857 tamen
1819 2811 1992 2856 consul-
2006 2825 2041 2852 35

295 2882 395 2919 tum
411 2891 505 2919 esse
520 2878 645 2933 cupit
665 2894 672 2922 :
697 2881 854 2923 mittat
871 2882 1000 2924 nobis
1020 2883 1358 2939 quamprimum
1377 2886 1741 2928 concionatorem
1757 2887 1993 2940 Ungarum

295 2948 536 2997 eruditum,
554 2963 750 3004 gravem,
766 2952 1050 3007 prudentem,
1066 2954 1352 2997 obedientem
1365 2961 1410 2998 et
1424 2957 1646 2999 charitate
1659 2957 1856 3012 plenum.
1873 2955 1993 2997 Nam

295 3024 473 3074 praeter
499 3020 546 3061 P.
577 3020 860 3075 Stephanum
886 3025 1060 3066 nullum
1085 3025 1318 3075 habemus,
1347 3027 1426 3083 qui
1451 3027 1497 3069 in
1523 3027 1711 3070 civitate
1736 3023 1992 3070 concionari

294 3095 445 3145 queat.
468 3091 586 3132 Nam
607 3092 654 3134 P.
674 3093 870 3135 Mathias
889 3094 1135 3137 Tomanius
1153 3109 1273 3137 nunc
1296 3097 1493 3152 primum
1515 3098 1663 3141 factus
1681 3102 1750 3141 est
1769 3096 1990 3143 sacerdos,
