<?xml version="1.0" encoding="UTF-8"?>
<!DOCTYPE html PUBLIC "-//W3C//DTD XHTML 1.0 Transitional//EN"
    "http://www.w3.org/TR/xhtml1/DTD/xhtml1-transitional.dtd">
<html xmlns="http://www.w3.org/1999/xhtml" xml:lang="en" lang="en">
 <head>
  <title>
</title>
<meta http-equiv="Content-Type" content="text/html;charset=utf-8" />
  <meta name='ocr-system' content='tesseract 3.04.00' />
  <meta name='ocr-capabilities' content='ocr_page ocr_carea ocr_par ocr_line ocrx_word'/>
</head>
<body>
  <div class='ocr_page' id='page_1' title='image "./epistolaeetactaj01vereuoft_0354.png"; bbox 0 0 2188 3535; ppageno 0'>
   <div class='ocr_carea' id='block_1_1' title="bbox 376 205 2063 263">
    <p class='ocr_par' dir='ltr' id='par_1_1' title="bbox 376 205 2063 263">
     <span class='ocr_line' id='line_1_1' title="bbox 376 205 2063 263; baseline -0.001 -21"><span class='ocrx_word' id='word_1_1' title='bbox 376 229 448 263; x_wconf 68' lang='lat'>290</span> <span class='ocrx_word' id='word_1_2' title='bbox 1141 208 1215 242; x_wconf 92' lang='lat' dir='ltr'>No.</span> <span class='ocrx_word' id='word_1_3' title='bbox 1252 219 1299 255; x_wconf 88' lang='lat'>93</span> <span class='ocrx_word' id='word_1_4' title='bbox 1771 205 1888 253; x_wconf 81' lang='lat'>[1583</span> <span class='ocrx_word' id='word_1_5' title='bbox 1922 215 2011 250; x_wconf 87' lang='lat' dir='ltr'>aug.</span> <span class='ocrx_word' id='word_1_6' title='bbox 2049 215 2063 241; x_wconf 91' lang='lat'>1</span> 
     </span>
    </p>
   </div>
   <div class='ocr_carea' id='block_1_2' title="bbox 378 319 2124 1653">
    <p class='ocr_par' dir='ltr' id='par_1_2' title="bbox 378 319 2124 1653">
     <span class='ocr_line' id='line_1_2' title="bbox 379 319 2069 378; baseline -0.008 0"><span class='ocrx_word' id='word_1_7' title='bbox 379 350 476 378; x_wconf 88' lang='lat' dir='ltr'>rum</span> <span class='ocrx_word' id='word_1_8' title='bbox 509 335 600 376; x_wconf 74' lang='lat' dir='ltr'>tore</span> <span class='ocrx_word' id='word_1_9' title='bbox 633 329 886 378; x_wconf 88' lang='lat' dir='ltr'>confideret,</span> <span class='ocrx_word' id='word_1_10' title='bbox 923 325 1043 368; x_wconf 90' lang='lat' dir='ltr'>tradi</span> <span class='ocrx_word' id='word_1_11' title='bbox 1075 329 1120 367; x_wconf 94' lang='lat' dir='ltr'>et</span> <span class='ocrx_word' id='word_1_12' title='bbox 1153 324 1337 367; x_wconf 92' lang='lat' dir='ltr'>concedi</span> <span class='ocrx_word' id='word_1_13' title='bbox 1370 323 1533 367; x_wconf 90' lang='lat' dir='ltr'>debere</span> <span class='ocrx_word' id='word_1_14' title='bbox 1556 321 1731 365; x_wconf 90' lang='lat' dir='ltr'>censuit</span> <span class='ocrx_word' id='word_1_15' title='bbox 1753 327 1799 365; x_wconf 94' lang='lat' dir='ltr'>et</span> <span class='ocrx_word' id='word_1_16' title='bbox 1821 319 2069 373; x_wconf 90' lang='lat' dir='ltr'>iudicavit;</span> 
     </span>
     <span class='ocr_line' id='line_1_3' title="bbox 380 392 2072 461; baseline -0.008 -13"><span class='ocrx_word' id='word_1_17' title='bbox 380 410 514 461; x_wconf 89' lang='lat' dir='ltr'>prout</span> <span class='ocrx_word' id='word_1_18' title='bbox 534 404 578 445; x_wconf 89' lang='lat' dir='ltr'>in</span> <span class='ocrx_word' id='word_1_19' title='bbox 598 402 691 444; x_wconf 89' lang='lat' dir='ltr'>eius</span> <span class='ocrx_word' id='word_1_20' title='bbox 710 398 870 441; x_wconf 88' lang='lat' dir='ltr'>litteris</span> <span class='ocrx_word' id='word_1_21' title='bbox 888 396 1019 450; x_wconf 89' lang='lat' dir='ltr'>regiis</span> <span class='ocrx_word' id='word_1_22' title='bbox 1037 400 1083 437; x_wconf 95' lang='lat' dir='ltr'>et</span> <span class='ocrx_word' id='word_1_23' title='bbox 1103 395 1254 437; x_wconf 77' lang='lat' dir='ltr'>forsan</span> <span class='ocrx_word' id='word_1_24' title='bbox 1273 395 1372 437; x_wconf 88' lang='lat' dir='ltr'>aliis</span> <span class='ocrx_word' id='word_1_25' title='bbox 1390 394 1625 450; x_wconf 89' lang='lat' dir='ltr'>scripturis</span> <span class='ocrx_word' id='word_1_26' title='bbox 1644 393 1836 449; x_wconf 81' lang='lat' dir='ltr'>desuper</span> <span class='ocrx_word' id='word_1_27' title='bbox 1854 392 2072 435; x_wconf 77' lang='lat' dir='ltr'>confectis</span> 
     </span>
     <span class='ocr_line' id='line_1_4' title="bbox 380 462 2072 530; baseline -0.007 -13"><span class='ocrx_word' id='word_1_28' title='bbox 380 474 552 530; x_wconf 82' lang='lat' dir='ltr'>plenius</span> <span class='ocrx_word' id='word_1_29' title='bbox 578 470 846 513; x_wconf 81' lang='lat' dir='ltr'>continetur.</span> <span class='ocrx_word' id='word_1_30' title='bbox 865 467 926 508; x_wconf 90' lang='lat' dir='ltr'>Et</span> <span class='ocrx_word' id='word_1_31' title='bbox 948 466 997 514; x_wconf 87' lang='lat' dir='ltr'>si,</span> <span class='ocrx_word' id='word_1_32' title='bbox 1020 466 1154 507; x_wconf 88' lang='lat' dir='ltr'>Pater</span> <span class='ocrx_word' id='word_1_33' title='bbox 1174 466 1351 515; x_wconf 82' lang='lat' dir='ltr'>Sancte,</span> <span class='ocrx_word' id='word_1_34' title='bbox 1378 463 1654 508; x_wconf 89' lang='lat' dir='ltr'>inhaerendo</span> <span class='ocrx_word' id='word_1_35' title='bbox 1678 462 1908 506; x_wconf 91' lang='lat' dir='ltr'>voluntati</span> <span class='ocrx_word' id='word_1_36' title='bbox 1932 462 2072 519; x_wconf 90' lang='lat' dir='ltr'>ipsius</span> 
     </span>
     <span class='ocr_line' id='line_1_5' title="bbox 381 533 2073 598; baseline -0.007 -11"><span class='ocrx_word' id='word_1_37' title='bbox 381 541 597 598; x_wconf 78' lang='lat' dir='ltr'>Stephani</span> <span class='ocrx_word' id='word_1_38' title='bbox 636 539 749 594; x_wconf 88' lang='lat' dir='ltr'>regis</span> <span class='ocrx_word' id='word_1_39' title='bbox 787 536 972 579; x_wconf 90' lang='lat' dir='ltr'>ecclesia</span> <span class='ocrx_word' id='word_1_40' title='bbox 1012 535 1167 578; x_wconf 84' lang='lat' dir='ltr'>Sancti</span> <span class='ocrx_word' id='word_1_41' title='bbox 1207 536 1426 592; x_wconf 87' lang='lat' dir='ltr'>Stephani</span> <span class='ocrx_word' id='word_1_42' title='bbox 1463 550 1517 578; x_wconf 85' lang='lat' dir='ltr'>ac</span> <span class='ocrx_word' id='word_1_43' title='bbox 1556 534 1619 576; x_wconf 90' lang='lat' dir='ltr'>illi</span> <span class='ocrx_word' id='word_1_44' title='bbox 1659 534 1872 590; x_wconf 89' lang='lat' dir='ltr'>contigua</span> <span class='ocrx_word' id='word_1_45' title='bbox 1911 533 2073 576; x_wconf 92' lang='lat' dir='ltr'>domus</span> 
     </span>
     <span class='ocr_line' id='line_1_6' title="bbox 379 604 2121 668; baseline -0.006 -12"><span class='ocrx_word' id='word_1_46' title='bbox 379 611 591 668; x_wconf 87' lang='lat' dir='ltr'>regularis</span> <span class='ocrx_word' id='word_1_47' title='bbox 619 607 878 651; x_wconf 90' lang='lat' dir='ltr'>huiusmodi</span> <span class='ocrx_word' id='word_1_48' title='bbox 907 620 959 648; x_wconf 91' lang='lat' dir='ltr'>ac</span> <span class='ocrx_word' id='word_1_49' title='bbox 989 606 1035 648; x_wconf 92' lang='lat' dir='ltr'>in</span> <span class='ocrx_word' id='word_1_50' title='bbox 1065 605 1127 648; x_wconf 92' lang='lat' dir='ltr'>eis</span> <span class='ocrx_word' id='word_1_51' title='bbox 1156 620 1322 649; x_wconf 92' lang='lat' dir='ltr'>nomen</span> <span class='ocrx_word' id='word_1_52' title='bbox 1352 612 1396 649; x_wconf 93' lang='lat' dir='ltr'>et</span> <span class='ocrx_word' id='word_1_53' title='bbox 1427 604 1737 649; x_wconf 85' lang='lat' dir='ltr'>denominatio</span> <span class='ocrx_word' id='word_1_54' title='bbox 1768 605 1944 654; x_wconf 91' lang='lat' dir='ltr'>domus,</span> <span class='ocrx_word' id='word_1_55' title='bbox 1974 604 2073 646; x_wconf 90' lang='lat' dir='ltr'>uni·</span> <span class='ocrx_word' id='word_1_56' title='bbox 2102 619 2121 647; x_wconf 87' lang='lat'>5</span> 
     </span>
     <span class='ocr_line' id='line_1_7' title="bbox 378 674 2072 737; baseline -0.005 -12"><span class='ocrx_word' id='word_1_57' title='bbox 378 683 538 737; x_wconf 90' lang='lat' dir='ltr'>cuique</span> <span class='ocrx_word' id='word_1_58' title='bbox 568 679 677 722; x_wconf 91' lang='lat' dir='ltr'>ordo</span> <span class='ocrx_word' id='word_1_59' title='bbox 709 679 901 720; x_wconf 79' lang='lat' dir='ltr'>fratrum</span> <span class='ocrx_word' id='word_1_60' title='bbox 932 676 1297 732; x_wconf 90' lang='lat' dir='ltr'>praedicatorum</span> <span class='ocrx_word' id='word_1_61' title='bbox 1328 691 1381 719; x_wconf 87' lang='lat' dir='ltr'>ac</span> <span class='ocrx_word' id='word_1_62' title='bbox 1411 682 1574 725; x_wconf 90' lang='lat' dir='ltr'>status,</span> <span class='ocrx_word' id='word_1_63' title='bbox 1607 675 1802 718; x_wconf 82' lang='lat' dir='ltr'>essentia</span> <span class='ocrx_word' id='word_1_64' title='bbox 1832 680 1877 718; x_wconf 93' lang='lat' dir='ltr'>et</span> <span class='ocrx_word' id='word_1_65' title='bbox 1907 674 2072 731; x_wconf 92' lang='lat' dir='ltr'>depen-</span> 
     </span>
     <span class='ocr_line' id='line_1_8' title="bbox 379 746 2074 805; baseline -0.005 -10"><span class='ocrx_word' id='word_1_66' title='bbox 379 752 532 795; x_wconf 89' lang='lat' dir='ltr'>dentia</span> <span class='ocrx_word' id='word_1_67' title='bbox 567 750 790 805; x_wconf 81' lang='lat' dir='ltr'>regulares</span> <span class='ocrx_word' id='word_1_68' title='bbox 824 752 1043 804; x_wconf 90' lang='lat' dir='ltr'>perpetuo</span> <span class='ocrx_word' id='word_1_69' title='bbox 1075 748 1432 803; x_wconf 85' lang='lat' dir='ltr'>supprimeretur</span> <span class='ocrx_word' id='word_1_70' title='bbox 1454 753 1498 790; x_wconf 92' lang='lat' dir='ltr'>et</span> <span class='ocrx_word' id='word_1_71' title='bbox 1522 746 1875 802; x_wconf 84' lang='lat' dir='ltr'>extingueretur,</span> <span class='ocrx_word' id='word_1_72' title='bbox 1899 759 2074 788; x_wconf 89' lang='lat' dir='ltr'>necnon</span> 
     </span>
     <span class='ocr_line' id='line_1_9' title="bbox 378 817 2074 876; baseline -0.004 -11"><span class='ocrx_word' id='word_1_73' title='bbox 378 825 538 865; x_wconf 89' lang='lat' dir='ltr'>hortus</span> <span class='ocrx_word' id='word_1_74' title='bbox 579 819 812 876; x_wconf 75' lang='lat' dir='ltr'>praefatus</span> <span class='ocrx_word' id='word_1_75' title='bbox 854 832 881 860; x_wconf 91' lang='lat' dir='ltr'>a</span> <span class='ocrx_word' id='word_1_76' title='bbox 923 817 1046 860; x_wconf 91' lang='lat' dir='ltr'>dicta</span> <span class='ocrx_word' id='word_1_77' title='bbox 1088 819 1403 874; x_wconf 87' lang='lat' dir='ltr'>praepositura</span> <span class='ocrx_word' id='word_1_78' title='bbox 1443 817 1629 861; x_wconf 89' lang='lat' dir='ltr'>Albensi</span> <span class='ocrx_word' id='word_1_79' title='bbox 1671 817 1811 859; x_wconf 89' lang='lat' dir='ltr'>etiam</span> <span class='ocrx_word' id='word_1_80' title='bbox 1854 820 2074 873; x_wconf 90' lang='lat' dir='ltr'>perpetuo</span> 
     </span>
     <span class='ocr_line' id='line_1_10' title="bbox 379 886 2074 945; baseline -0.004 -10"><span class='ocrx_word' id='word_1_81' title='bbox 379 891 777 936; x_wconf 88' lang='lat' dir='ltr'>dismembraretur</span> <span class='ocrx_word' id='word_1_82' title='bbox 828 894 873 931; x_wconf 93' lang='lat' dir='ltr'>et</span> <span class='ocrx_word' id='word_1_83' title='bbox 923 894 1222 944; x_wconf 87' lang='lat' dir='ltr'>separaretur,</span> <span class='ocrx_word' id='word_1_84' title='bbox 1275 889 1427 945; x_wconf 91' lang='lat' dir='ltr'>illique</span> <span class='ocrx_word' id='word_1_85' title='bbox 1477 889 1539 931; x_wconf 89' lang='lat' dir='ltr'>sic</span> <span class='ocrx_word' id='word_1_86' title='bbox 1590 888 1831 943; x_wconf 90' lang='lat' dir='ltr'>suppressi,</span> <span class='ocrx_word' id='word_1_87' title='bbox 1883 886 2074 930; x_wconf 84' lang='lat' dir='ltr'>extincti</span> 
     </span>
     <span class='ocr_line' id='line_1_11' title="bbox 378 957 2124 1015; baseline -0.003 -9"><span class='ocrx_word' id='word_1_88' title='bbox 378 960 688 1006; x_wconf 90' lang='lat' dir='ltr'>dismembrati</span> <span class='ocrx_word' id='word_1_89' title='bbox 722 965 766 1002; x_wconf 90' lang='lat' dir='ltr'>et</span> <span class='ocrx_word' id='word_1_90' title='bbox 801 959 999 1015; x_wconf 90' lang='lat' dir='ltr'>separati</span> <span class='ocrx_word' id='word_1_91' title='bbox 1032 959 1232 1003; x_wconf 89' lang='lat' dir='ltr'>eiusdem</span> <span class='ocrx_word' id='word_1_92' title='bbox 1267 959 1506 1002; x_wconf 89' lang='lat' dir='ltr'>Societatis</span> <span class='ocrx_word' id='word_1_93' title='bbox 1540 959 1725 1014; x_wconf 90' lang='lat' dir='ltr'>collegio</span> <span class='ocrx_word' id='word_1_94' title='bbox 1759 958 1851 1001; x_wconf 92' lang='lat' dir='ltr'>iam</span> <span class='ocrx_word' id='word_1_95' title='bbox 1885 958 1943 1000; x_wconf 91' lang='lat' dir='ltr'>ab</span> <span class='ocrx_word' id='word_1_96' title='bbox 1977 957 2074 1013; x_wconf 92' lang='lat' dir='ltr'>ipso</span> <span class='ocrx_word' id='word_1_97' title='bbox 2089 973 2124 1001; x_wconf 85' lang='grc' dir='ltr'>ιο</span> 
     </span>
     <span class='ocr_line' id='line_1_12' title="bbox 378 1029 2071 1089; baseline -0.004 -13"><span class='ocrx_word' id='word_1_98' title='bbox 378 1034 606 1089; x_wconf 91' lang='lat' dir='ltr'>Stephano</span> <span class='ocrx_word' id='word_1_99' title='bbox 633 1045 733 1087; x_wconf 86' lang='lat' dir='ltr'>rege</span> <span class='ocrx_word' id='word_1_100' title='bbox 760 1031 806 1072; x_wconf 88' lang='lat' dir='ltr'>in</span> <span class='ocrx_word' id='word_1_101' title='bbox 832 1030 1020 1072; x_wconf 88' lang='lat' dir='ltr'>civitate</span> <span class='ocrx_word' id='word_1_102' title='bbox 1047 1035 1092 1072; x_wconf 91' lang='lat' dir='ltr'>et</span> <span class='ocrx_word' id='word_1_103' title='bbox 1119 1031 1255 1073; x_wconf 92' lang='lat' dir='ltr'>domo</span> <span class='ocrx_word' id='word_1_104' title='bbox 1281 1030 1473 1086; x_wconf 90' lang='lat' dir='ltr'>regulari</span> <span class='ocrx_word' id='word_1_105' title='bbox 1499 1029 1720 1086; x_wconf 74' lang='lat' dir='ltr'>praetatis</span> <span class='ocrx_word' id='word_1_106' title='bbox 1745 1029 1818 1085; x_wconf 90' lang='lat' dir='ltr'>pie</span> <span class='ocrx_word' id='word_1_107' title='bbox 1843 1029 2071 1077; x_wconf 89' lang='lat' dir='ltr'>inchoato,</span> 
     </span>
     <span class='ocr_line' id='line_1_13' title="bbox 378 1100 2073 1154; baseline -0.004 -7"><span class='ocrx_word' id='word_1_108' title='bbox 378 1104 435 1147; x_wconf 92' lang='lat' dir='ltr'>ad</span> <span class='ocrx_word' id='word_1_109' title='bbox 478 1105 701 1152; x_wconf 76' lang='lat' dir='ltr'>effectum,</span> <span class='ocrx_word' id='word_1_110' title='bbox 734 1107 786 1144; x_wconf 92' lang='lat' dir='ltr'>ut</span> <span class='ocrx_word' id='word_1_111' title='bbox 830 1101 877 1143; x_wconf 89' lang='lat' dir='ltr'>in</span> <span class='ocrx_word' id='word_1_112' title='bbox 921 1114 972 1143; x_wconf 92' lang='lat' dir='ltr'>eo</span> <span class='ocrx_word' id='word_1_113' title='bbox 1016 1101 1231 1144; x_wconf 89' lang='lat' dir='ltr'>iuventus</span> <span class='ocrx_word' id='word_1_114' title='bbox 1275 1102 1424 1144; x_wconf 91' lang='lat' dir='ltr'>dictae</span> <span class='ocrx_word' id='word_1_115' title='bbox 1468 1100 1671 1143; x_wconf 88' lang='lat' dir='ltr'>civitatis</span> <span class='ocrx_word' id='word_1_116' title='bbox 1714 1100 2073 1154; x_wconf 88' lang='lat' dir='ltr'>viciniorumque</span> 
     </span>
     <span class='ocr_line' id='line_1_14' title="bbox 378 1170 2073 1228; baseline -0.003 -11"><span class='ocrx_word' id='word_1_117' title='bbox 378 1177 576 1217; x_wconf 92' lang='lat' dir='ltr'>locorum</span> <span class='ocrx_word' id='word_1_118' title='bbox 613 1178 712 1215; x_wconf 91' lang='lat' dir='ltr'>tum</span> <span class='ocrx_word' id='word_1_119' title='bbox 748 1172 900 1214; x_wconf 87' lang='lat' dir='ltr'>literas</span> <span class='ocrx_word' id='word_1_120' title='bbox 929 1173 1162 1228; x_wconf 88' lang='lat' dir='ltr'>bonasque</span> <span class='ocrx_word' id='word_1_121' title='bbox 1186 1186 1346 1222; x_wconf 91' lang='lat' dir='ltr'>mores,</span> <span class='ocrx_word' id='word_1_122' title='bbox 1374 1176 1474 1214; x_wconf 89' lang='lat' dir='ltr'>tum</span> <span class='ocrx_word' id='word_1_123' title='bbox 1499 1171 1755 1215; x_wconf 90' lang='lat' dir='ltr'>doctrinam</span> <span class='ocrx_word' id='word_1_124' title='bbox 1779 1170 2073 1213; x_wconf 89' lang='lat' dir='ltr'>christianam</span> 
     </span>
     <span class='ocr_line' id='line_1_15' title="bbox 379 1241 2071 1299; baseline -0.004 -11"><span class='ocrx_word' id='word_1_125' title='bbox 379 1247 639 1293; x_wconf 91' lang='lat' dir='ltr'>doceantur,</span> <span class='ocrx_word' id='word_1_126' title='bbox 658 1244 847 1286; x_wconf 85' lang='lat' dir='ltr'>verbum</span> <span class='ocrx_word' id='word_1_127' title='bbox 864 1243 948 1285; x_wconf 89' lang='lat' dir='ltr'>Dei</span> <span class='ocrx_word' id='word_1_128' title='bbox 964 1243 1249 1298; x_wconf 87' lang='lat' dir='ltr'>praedicetur</span> <span class='ocrx_word' id='word_1_129' title='bbox 1266 1248 1311 1285; x_wconf 92' lang='lat' dir='ltr'>et</span> <span class='ocrx_word' id='word_1_130' title='bbox 1329 1243 1417 1286; x_wconf 92' lang='lat' dir='ltr'>alia</span> <span class='ocrx_word' id='word_1_131' title='bbox 1434 1243 1509 1299; x_wconf 91' lang='lat' dir='ltr'>pia</span> <span class='ocrx_word' id='word_1_132' title='bbox 1525 1256 1662 1298; x_wconf 91' lang='lat' dir='ltr'>opera</span> <span class='ocrx_word' id='word_1_133' title='bbox 1678 1255 1782 1298; x_wconf 89' lang='lat' dir='ltr'>erga</span> <span class='ocrx_word' id='word_1_134' title='bbox 1798 1241 2071 1297; x_wconf 86' lang='lat' dir='ltr'>proximum,</span> 
     </span>
     <span class='ocr_line' id='line_1_16' title="bbox 379 1312 2123 1373; baseline -0.002 -15"><span class='ocrx_word' id='word_1_135' title='bbox 379 1329 646 1373; x_wconf 90' lang='lat' dir='ltr'>quocunque</span> <span class='ocrx_word' id='word_1_136' title='bbox 678 1314 806 1356; x_wconf 91' lang='lat' dir='ltr'>iuxta</span> <span class='ocrx_word' id='word_1_137' title='bbox 849 1313 1049 1356; x_wconf 91' lang='lat' dir='ltr'>eiusdem</span> <span class='ocrx_word' id='word_1_138' title='bbox 1092 1313 1331 1356; x_wconf 89' lang='lat' dir='ltr'>Societatis</span> <span class='ocrx_word' id='word_1_139' title='bbox 1372 1313 1600 1356; x_wconf 87' lang='lat' dir='ltr'>laudabile</span> <span class='ocrx_word' id='word_1_140' title='bbox 1642 1312 1908 1355; x_wconf 89' lang='lat' dir='ltr'>institutum</span> <span class='ocrx_word' id='word_1_141' title='bbox 1950 1325 2073 1354; x_wconf 91' lang='lat' dir='ltr'>exer·</span> <span class='ocrx_word' id='word_1_142' title='bbox 2088 1326 2123 1354; x_wconf 89' lang='lat'>15</span> 
     </span>
     <span class='ocr_line' id='line_1_17' title="bbox 380 1383 2074 1441; baseline -0.002 -13"><span class='ocrx_word' id='word_1_143' title='bbox 380 1392 565 1429; x_wconf 91' lang='lat' dir='ltr'>ceantur</span> <span class='ocrx_word' id='word_1_144' title='bbox 602 1390 819 1441; x_wconf 91' lang='lat' dir='ltr'>perpetuo</span> <span class='ocrx_word' id='word_1_145' title='bbox 858 1385 1222 1434; x_wconf 88' lang='lat' dir='ltr'>concederentur,</span> <span class='ocrx_word' id='word_1_146' title='bbox 1262 1385 1614 1441; x_wconf 82' lang='lat' dir='ltr'>assignarentur,</span> <span class='ocrx_word' id='word_1_147' title='bbox 1653 1383 1991 1440; x_wconf 88' lang='lat' dir='ltr'>applicarentur</span> <span class='ocrx_word' id='word_1_148' title='bbox 2028 1386 2074 1424; x_wconf 91' lang='lat' dir='ltr'>et</span> 
     </span>
     <span class='ocr_line' id='line_1_18' title="bbox 380 1455 2074 1513; baseline -0.002 -13"><span class='ocrx_word' id='word_1_149' title='bbox 380 1456 790 1513; x_wconf 81' lang='lat' dir='ltr'>appropriarentur‚</span> <span class='ocrx_word' id='word_1_150' title='bbox 824 1455 1098 1498; x_wconf 91' lang='lat' dir='ltr'>concedente</span> <span class='ocrx_word' id='word_1_151' title='bbox 1128 1456 1421 1498; x_wconf 90' lang='lat' dir='ltr'>nihilominus</span> <span class='ocrx_word' id='word_1_152' title='bbox 1451 1455 1721 1498; x_wconf 90' lang='lat' dir='ltr'>Sanctitatis</span> <span class='ocrx_word' id='word_1_153' title='bbox 1751 1455 1940 1497; x_wconf 88' lang='lat' dir='ltr'>Vestrae</span> <span class='ocrx_word' id='word_1_154' title='bbox 1971 1466 2074 1496; x_wconf 87' lang='lat' dir='ltr'>auc-</span> 
     </span>
     <span class='ocr_line' id='line_1_19' title="bbox 384 1524 2074 1583; baseline -0.002 -14"><span class='ocrx_word' id='word_1_155' title='bbox 384 1528 582 1576; x_wconf 90' lang='lat' dir='ltr'>toritate,</span> <span class='ocrx_word' id='word_1_156' title='bbox 602 1541 682 1583; x_wconf 92' lang='lat' dir='ltr'>pro</span> <span class='ocrx_word' id='word_1_157' title='bbox 705 1526 905 1568; x_wconf 90' lang='lat' dir='ltr'>eiusdem</span> <span class='ocrx_word' id='word_1_158' title='bbox 929 1526 1100 1582; x_wconf 90' lang='lat' dir='ltr'>collegii</span> <span class='ocrx_word' id='word_1_159' title='bbox 1123 1526 1340 1569; x_wconf 90' lang='lat' dir='ltr'>canonica</span> <span class='ocrx_word' id='word_1_160' title='bbox 1363 1531 1408 1569; x_wconf 92' lang='lat' dir='ltr'>et</span> <span class='ocrx_word' id='word_1_161' title='bbox 1431 1526 1585 1568; x_wconf 89' lang='lat' dir='ltr'>valida</span> <span class='ocrx_word' id='word_1_162' title='bbox 1606 1525 1846 1574; x_wconf 88' lang='lat' dir='ltr'>erectione,</span> <span class='ocrx_word' id='word_1_163' title='bbox 1871 1524 2074 1581; x_wconf 76' lang='lat' dir='ltr'>profecto</span> 
     </span>
     <span class='ocr_line' id='line_1_20' title="bbox 382 1594 2075 1653; baseline -0.003 -12"><span class='ocrx_word' id='word_1_164' title='bbox 382 1598 627 1641; x_wconf 84' lang='lat' dir='ltr'>catholicae</span> <span class='ocrx_word' id='word_1_165' title='bbox 658 1597 881 1653; x_wconf 88' lang='lat' dir='ltr'>religionis</span> <span class='ocrx_word' id='word_1_166' title='bbox 912 1597 959 1639; x_wconf 89' lang='lat' dir='ltr'>in</span> <span class='ocrx_word' id='word_1_167' title='bbox 989 1597 1075 1639; x_wconf 87' lang='lat' dir='ltr'>illis</span> <span class='ocrx_word' id='word_1_168' title='bbox 1107 1597 1315 1653; x_wconf 89' lang='lat' dir='ltr'>partibus</span> <span class='ocrx_word' id='word_1_169' title='bbox 1346 1597 1624 1639; x_wconf 91' lang='lat' dir='ltr'>incremento</span> <span class='ocrx_word' id='word_1_170' title='bbox 1666 1601 1711 1638; x_wconf 93' lang='lat' dir='ltr'>et</span> <span class='ocrx_word' id='word_1_171' title='bbox 1758 1594 2075 1651; x_wconf 87' lang='lat' dir='ltr'>propagationi</span> 
     </span>
    </p>
   </div>
   <div class='ocr_carea' id='block_1_3' title="bbox 383 1666 2188 1724">
    <p class='ocr_par' dir='ltr' id='par_1_3' title="bbox 383 1666 2188 1724">
     <span class='ocr_line' id='line_1_21' title="bbox 383 1666 2188 1724; baseline -0.002 -13"><span class='ocrx_word' id='word_1_172' title='bbox 383 1669 493 1711; x_wconf 90' lang='lat' dir='ltr'>satis</span> <span class='ocrx_word' id='word_1_173' title='bbox 514 1669 768 1711; x_wconf 91' lang='lat' dir='ltr'>consultum</span> <span class='ocrx_word' id='word_1_174' title='bbox 790 1668 919 1710; x_wconf 78' lang='lat' dir='ltr'>foret.</span> <span class='ocrx_word' id='word_1_175' title='bbox 945 1667 1179 1724; x_wconf 91' lang='lat' dir='ltr'>Supplicat</span> <span class='ocrx_word' id='word_1_176' title='bbox 1200 1667 1431 1710; x_wconf 89' lang='lat' dir='ltr'>humiliter</span> <span class='ocrx_word' id='word_1_177' title='bbox 1452 1668 1597 1710; x_wconf 90' lang='lat' dir='ltr'>eidem</span> <span class='ocrx_word' id='word_1_178' title='bbox 1621 1666 1866 1709; x_wconf 91' lang='lat' dir='ltr'>Sanctitati</span> <span class='ocrx_word' id='word_1_179' title='bbox 1887 1667 2075 1708; x_wconf 90' lang='lat' dir='ltr'>Vestrae</span> <span class='ocrx_word' id='word_1_180' title='bbox 2089 1680 2127 1708; x_wconf 83' lang='lat'>20</span> <span class='ocrx_word' id='word_1_181' title='bbox 2187 1694 2188 1723; x_wconf 68' lang='lat'><em>3</em></span> 
     </span>
    </p>
   </div>
   <div class='ocr_carea' id='block_1_4' title="bbox 384 1736 2078 2007">
    <p class='ocr_par' dir='ltr' id='par_1_4' title="bbox 384 1736 2078 2007">
     <span class='ocr_line' id='line_1_22' title="bbox 385 1736 2076 1795; baseline -0.002 -13"><span class='ocrx_word' id='word_1_182' title='bbox 385 1740 576 1783; x_wconf 90' lang='lat' dir='ltr'>devotus</span> <span class='ocrx_word' id='word_1_183' title='bbox 620 1740 737 1782; x_wconf 87' lang='lat' dir='ltr'>illius</span> <span class='ocrx_word' id='word_1_184' title='bbox 782 1744 930 1782; x_wconf 89' lang='lat' dir='ltr'>vester</span> <span class='ocrx_word' id='word_1_185' title='bbox 977 1739 1191 1782; x_wconf 88' lang='lat' dir='ltr'>Claudius</span> <span class='ocrx_word' id='word_1_186' title='bbox 1235 1739 1479 1795; x_wconf 89' lang='lat' dir='ltr'>Aquaviva</span> <span class='ocrx_word' id='word_1_187' title='bbox 1525 1738 1810 1794; x_wconf 91' lang='lat' dir='ltr'>praepositus</span> <span class='ocrx_word' id='word_1_188' title='bbox 1857 1736 2076 1794; x_wconf 86' lang='lat' dir='ltr'>generalis</span> 
     </span>
     <span class='ocr_line' id='line_1_23' title="bbox 384 1807 2076 1866; baseline -0.002 -14"><span class='ocrx_word' id='word_1_189' title='bbox 384 1811 525 1852; x_wconf 89' lang='lat' dir='ltr'>totius</span> <span class='ocrx_word' id='word_1_190' title='bbox 566 1809 802 1852; x_wconf 90' lang='lat' dir='ltr'>Societatis</span> <span class='ocrx_word' id='word_1_191' title='bbox 841 1810 1113 1857; x_wconf 84' lang='lat' dir='ltr'>huiusmodi,</span> <span class='ocrx_word' id='word_1_192' title='bbox 1174 1814 1401 1866; x_wconf 88' lang='lat' dir='ltr'>quatenus</span> <span class='ocrx_word' id='word_1_193' title='bbox 1440 1809 1550 1852; x_wconf 88' lang='lat' dir='ltr'>dicti</span> <span class='ocrx_word' id='word_1_194' title='bbox 1592 1808 1811 1864; x_wconf 91' lang='lat' dir='ltr'>Stephani</span> <span class='ocrx_word' id='word_1_195' title='bbox 1850 1808 1965 1864; x_wconf 92' lang='lat' dir='ltr'>regis</span> <span class='ocrx_word' id='word_1_196' title='bbox 2004 1807 2076 1863; x_wconf 88' lang='lat' dir='ltr'>pie</span> 
     </span>
     <span class='ocr_line' id='line_1_24' title="bbox 385 1879 2074 1936; baseline -0.001 -14"><span class='ocrx_word' id='word_1_197' title='bbox 385 1881 673 1923; x_wconf 86' lang='lat' dir='ltr'>sollicitudini</span> <span class='ocrx_word' id='word_1_198' title='bbox 717 1886 762 1923; x_wconf 91' lang='lat' dir='ltr'>et</span> <span class='ocrx_word' id='word_1_199' title='bbox 807 1880 1039 1930; x_wconf 87' lang='lat' dir='ltr'>desiderio,</span> <span class='ocrx_word' id='word_1_200' title='bbox 1086 1885 1131 1923; x_wconf 91' lang='lat' dir='ltr'>et</span> <span class='ocrx_word' id='word_1_201' title='bbox 1176 1880 1432 1936; x_wconf 86' lang='lat' dir='ltr'>praemissis</span> <span class='ocrx_word' id='word_1_202' title='bbox 1476 1884 1731 1935; x_wconf 91' lang='lat' dir='ltr'>opportune</span> <span class='ocrx_word' id='word_1_203' title='bbox 1776 1879 2074 1927; x_wconf 90' lang='lat' dir='ltr'>consulentes,</span> 
     </span>
     <span class='ocr_line' id='line_1_25' title="bbox 384 1949 2078 2007; baseline -0.002 -13"><span class='ocrx_word' id='word_1_204' title='bbox 384 1951 620 2007; x_wconf 88' lang='lat' dir='ltr'>ipsumque</span> <span class='ocrx_word' id='word_1_205' title='bbox 669 1966 844 1994; x_wconf 90' lang='lat' dir='ltr'>necnon</span> <span class='ocrx_word' id='word_1_206' title='bbox 895 1952 1168 1994; x_wconf 87' lang='lat' dir='ltr'>Societatem</span> <span class='ocrx_word' id='word_1_207' title='bbox 1219 1951 1473 2007; x_wconf 76' lang='lat' dir='ltr'>praefatam</span> <span class='ocrx_word' id='word_1_208' title='bbox 1524 1950 1793 2006; x_wconf 89' lang='lat' dir='ltr'>specialibus</span> <span class='ocrx_word' id='word_1_209' title='bbox 1843 1949 2078 1992; x_wconf 81' lang='lat' dir='ltr'>favoribus</span> 
     </span>
    </p>
   </div>
   <div class='ocr_carea' id='block_1_5' title="bbox 385 2020 2188 2080">
    <p class='ocr_par' dir='ltr' id='par_1_5' title="bbox 385 2020 2188 2080">
     <span class='ocr_line' id='line_1_26' title="bbox 385 2020 2188 2080; baseline -0.001 -15"><span class='ocrx_word' id='word_1_210' title='bbox 385 2027 429 2065; x_wconf 93' lang='lat' dir='ltr'>et</span> <span class='ocrx_word' id='word_1_211' title='bbox 474 2022 628 2078; x_wconf 91' lang='lat' dir='ltr'>gratiis</span> <span class='ocrx_word' id='word_1_212' title='bbox 673 2022 999 2078; x_wconf 89' lang='lat' dir='ltr'>prosequendo,</span> <span class='ocrx_word' id='word_1_213' title='bbox 1047 2022 1279 2065; x_wconf 88' lang='lat' dir='ltr'>ecclesiam</span> <span class='ocrx_word' id='word_1_214' title='bbox 1327 2021 1481 2064; x_wconf 90' lang='lat' dir='ltr'>Sancti</span> <span class='ocrx_word' id='word_1_215' title='bbox 1527 2021 1747 2077; x_wconf 90' lang='lat' dir='ltr'>Stephani</span> <span class='ocrx_word' id='word_1_216' title='bbox 1792 2035 1844 2063; x_wconf 93' lang='lat' dir='ltr'>ac</span> <span class='ocrx_word' id='word_1_217' title='bbox 1890 2020 2076 2063; x_wconf 91' lang='lat' dir='ltr'>domum</span> <span class='ocrx_word' id='word_1_218' title='bbox 2091 2035 2128 2063; x_wconf 86' lang='lat'>25</span> <span class='ocrx_word' id='word_1_219' title='bbox 2187 2030 2188 2080; x_wconf 66' lang='lat' dir='ltr'><strong>j</strong></span> 
     </span>
    </p>
   </div>
   <div class='ocr_carea' id='block_1_6' title="bbox 385 2091 2078 2362">
    <p class='ocr_par' dir='ltr' id='par_1_6' title="bbox 385 2091 2078 2362">
     <span class='ocr_line' id='line_1_27' title="bbox 385 2091 2078 2149; baseline -0.001 -14"><span class='ocrx_word' id='word_1_220' title='bbox 385 2094 629 2149; x_wconf 86' lang='lat' dir='ltr'>regularem</span> <span class='ocrx_word' id='word_1_221' title='bbox 670 2093 732 2135; x_wconf 89' lang='lat' dir='ltr'>illi</span> <span class='ocrx_word' id='word_1_222' title='bbox 785 2093 1046 2149; x_wconf 87' lang='lat' dir='ltr'>contiguam</span> <span class='ocrx_word' id='word_1_223' title='bbox 1087 2107 1139 2136; x_wconf 91' lang='lat' dir='ltr'>ac</span> <span class='ocrx_word' id='word_1_224' title='bbox 1179 2093 1225 2134; x_wconf 88' lang='lat' dir='ltr'>in</span> <span class='ocrx_word' id='word_1_225' title='bbox 1267 2093 1328 2135; x_wconf 89' lang='lat' dir='ltr'>eis</span> <span class='ocrx_word' id='word_1_226' title='bbox 1368 2106 1533 2135; x_wconf 92' lang='lat' dir='ltr'>nomen</span> <span class='ocrx_word' id='word_1_227' title='bbox 1574 2097 1619 2134; x_wconf 92' lang='lat' dir='ltr'>et</span> <span class='ocrx_word' id='word_1_228' title='bbox 1661 2091 2078 2135; x_wconf 89' lang='lat' dir='ltr'>denominationem</span> 
     </span>
     <span class='ocr_line' id='line_1_28' title="bbox 385 2161 2078 2220; baseline -0.001 -15"><span class='ocrx_word' id='word_1_229' title='bbox 385 2163 558 2212; x_wconf 92' lang='lat' dir='ltr'>domus,</span> <span class='ocrx_word' id='word_1_230' title='bbox 588 2178 872 2220; x_wconf 92' lang='lat' dir='ltr'>omnemque,</span> <span class='ocrx_word' id='word_1_231' title='bbox 902 2164 1077 2206; x_wconf 91' lang='lat' dir='ltr'>dictum</span> <span class='ocrx_word' id='word_1_232' title='bbox 1105 2164 1321 2213; x_wconf 89' lang='lat' dir='ltr'>ordinem,</span> <span class='ocrx_word' id='word_1_233' title='bbox 1351 2163 1608 2212; x_wconf 88' lang='lat' dir='ltr'>essentiam,</span> <span class='ocrx_word' id='word_1_234' title='bbox 1638 2167 1812 2205; x_wconf 92' lang='lat' dir='ltr'>statum</span> <span class='ocrx_word' id='word_1_235' title='bbox 1839 2167 1885 2205; x_wconf 94' lang='lat' dir='ltr'>et</span> <span class='ocrx_word' id='word_1_236' title='bbox 1913 2161 2078 2218; x_wconf 86' lang='lat' dir='ltr'>depen-</span> 
     </span>
     <span class='ocr_line' id='line_1_29' title="bbox 386 2233 2077 2291; baseline -0.001 -14"><span class='ocrx_word' id='word_1_237' title='bbox 386 2234 586 2277; x_wconf 81' lang='lat' dir='ltr'>dentiam</span> <span class='ocrx_word' id='word_1_238' title='bbox 640 2235 808 2277; x_wconf 91' lang='lat' dir='ltr'>ordinis</span> <span class='ocrx_word' id='word_1_239' title='bbox 861 2236 1055 2277; x_wconf 76' lang='lat' dir='ltr'>fratrum</span> <span class='ocrx_word' id='word_1_240' title='bbox 1110 2234 1479 2277; x_wconf 88' lang='lat' dir='ltr'>Praedicatorum</span> <span class='ocrx_word' id='word_1_241' title='bbox 1532 2233 1791 2276; x_wconf 89' lang='lat' dir='ltr'>huiusmodi</span> <span class='ocrx_word' id='word_1_242' title='bbox 1854 2237 2077 2291; x_wconf 92' lang='lat' dir='ltr'>perpetuo</span> 
     </span>
     <span class='ocr_line' id='line_1_30' title="bbox 385 2303 2077 2362; baseline 0 -16"><span class='ocrx_word' id='word_1_243' title='bbox 385 2306 662 2361; x_wconf 90' lang='lat' dir='ltr'>supprimere</span> <span class='ocrx_word' id='word_1_244' title='bbox 694 2311 738 2348; x_wconf 90' lang='lat' dir='ltr'>et</span> <span class='ocrx_word' id='word_1_245' title='bbox 772 2308 1050 2362; x_wconf 83' lang='lat' dir='ltr'>extinguere,</span> <span class='ocrx_word' id='word_1_246' title='bbox 1084 2319 1262 2349; x_wconf 92' lang='lat' dir='ltr'>necnon</span> <span class='ocrx_word' id='word_1_247' title='bbox 1288 2307 1474 2348; x_wconf 88' lang='lat' dir='ltr'>hortum</span> <span class='ocrx_word' id='word_1_248' title='bbox 1511 2305 1768 2361; x_wconf 70' lang='lat' dir='ltr'>praefatum</span> <span class='ocrx_word' id='word_1_249' title='bbox 1801 2318 1905 2346; x_wconf 94' lang='lat' dir='ltr'>cum</span> <span class='ocrx_word' id='word_1_250' title='bbox 1935 2303 2077 2347; x_wconf 92' lang='lat' dir='ltr'>omni-</span> 
     </span>
    </p>
   </div>
   <div class='ocr_carea' id='block_1_7' title="bbox 385 2375 2130 2432">
    <p class='ocr_par' dir='ltr' id='par_1_7' title="bbox 385 2370 2188 2432">
     <span class='ocr_line' id='line_1_31' title="bbox 385 2375 2130 2432; baseline -0.001 -15"><span class='ocrx_word' id='word_1_251' title='bbox 385 2376 468 2417; x_wconf 89' lang='lat' dir='ltr'>bus</span> <span class='ocrx_word' id='word_1_252' title='bbox 498 2376 669 2418; x_wconf 90' lang='lat' dir='ltr'>iuribus</span> <span class='ocrx_word' id='word_1_253' title='bbox 713 2381 757 2419; x_wconf 91' lang='lat' dir='ltr'>et</span> <span class='ocrx_word' id='word_1_254' title='bbox 802 2375 1087 2432; x_wconf 87' lang='lat' dir='ltr'>pertinentiis</span> <span class='ocrx_word' id='word_1_255' title='bbox 1129 2376 1221 2420; x_wconf 88' lang='lat' dir='ltr'>suis</span> <span class='ocrx_word' id='word_1_256' title='bbox 1263 2376 1484 2419; x_wconf 90' lang='lat' dir='ltr'>universis</span> <span class='ocrx_word' id='word_1_257' title='bbox 1527 2389 1553 2418; x_wconf 91' lang='lat' dir='ltr'>a</span> <span class='ocrx_word' id='word_1_258' title='bbox 1597 2375 1910 2432; x_wconf 90' lang='lat' dir='ltr'>praepositura</span> <span class='ocrx_word' id='word_1_259' title='bbox 1953 2388 2078 2431; x_wconf 83' lang='lat' dir='ltr'>prae·</span> <span class='ocrx_word' id='word_1_260' title='bbox 2092 2389 2130 2417; x_wconf 86' lang='lat'>30</span> 
     </span>
    </p>
   </div>
   <div class='ocr_carea' id='block_1_8' title="bbox 387 2445 2130 3208">
    <p class='ocr_par' dir='ltr' id='par_1_8' title="bbox 387 2445 2130 3208">
     <span class='ocr_line' id='line_1_32' title="bbox 387 2445 2079 2503; baseline 0.001 -16"><span class='ocrx_word' id='word_1_261' title='bbox 387 2445 482 2488; x_wconf 74' lang='lat' dir='ltr'>iata</span> <span class='ocrx_word' id='word_1_262' title='bbox 518 2446 655 2489; x_wconf 88' lang='lat' dir='ltr'>etiam</span> <span class='ocrx_word' id='word_1_263' title='bbox 691 2452 911 2503; x_wconf 92' lang='lat' dir='ltr'>perpetuo</span> <span class='ocrx_word' id='word_1_264' title='bbox 948 2447 1284 2497; x_wconf 87' lang='lat' dir='ltr'>dismembrare‚</span> <span class='ocrx_word' id='word_1_265' title='bbox 1324 2460 1530 2502; x_wconf 90' lang='lat' dir='ltr'>separare</span> <span class='ocrx_word' id='word_1_266' title='bbox 1561 2451 1605 2489; x_wconf 92' lang='lat' dir='ltr'>et</span> <span class='ocrx_word' id='word_1_267' title='bbox 1635 2446 1860 2495; x_wconf 87' lang='lat' dir='ltr'>abdicare,</span> <span class='ocrx_word' id='word_1_268' title='bbox 1892 2445 2079 2501; x_wconf 91' lang='lat' dir='ltr'>illosque</span> 
     </span>
     <span class='ocr_line' id='line_1_33' title="bbox 388 2516 2080 2572; baseline 0.001 -15"><span class='ocrx_word' id='word_1_269' title='bbox 388 2516 448 2557; x_wconf 90' lang='lat' dir='ltr'>sic</span> <span class='ocrx_word' id='word_1_270' title='bbox 483 2530 742 2572; x_wconf 91' lang='lat' dir='ltr'>suppressos</span> <span class='ocrx_word' id='word_1_271' title='bbox 776 2522 821 2560; x_wconf 92' lang='lat' dir='ltr'>et</span> <span class='ocrx_word' id='word_1_272' title='bbox 857 2518 1206 2561; x_wconf 90' lang='lat' dir='ltr'>dismembratos</span> <span class='ocrx_word' id='word_1_273' title='bbox 1239 2531 1291 2560; x_wconf 92' lang='lat' dir='ltr'>ac</span> <span class='ocrx_word' id='word_1_274' title='bbox 1326 2517 1562 2560; x_wconf 89' lang='lat' dir='ltr'>abdicatos</span> <span class='ocrx_word' id='word_1_275' title='bbox 1596 2516 1812 2560; x_wconf 90' lang='lat' dir='ltr'>Societati</span> <span class='ocrx_word' id='word_1_276' title='bbox 1846 2516 2080 2572; x_wconf 83' lang='lat' dir='ltr'>praefatae</span> 
     </span>
     <span class='ocr_line' id='line_1_34' title="bbox 390 2585 2079 2644; baseline 0.001 -17"><span class='ocrx_word' id='word_1_277' title='bbox 390 2585 448 2627; x_wconf 89' lang='lat' dir='ltr'>ad</span> <span class='ocrx_word' id='word_1_278' title='bbox 472 2587 681 2630; x_wconf 81' lang='lat' dir='ltr'>effectum</span> <span class='ocrx_word' id='word_1_279' title='bbox 706 2588 752 2630; x_wconf 93' lang='lat' dir='ltr'>in</span> <span class='ocrx_word' id='word_1_280' title='bbox 777 2588 901 2631; x_wconf 90' lang='lat' dir='ltr'>dicta</span> <span class='ocrx_word' id='word_1_281' title='bbox 926 2589 1061 2632; x_wconf 91' lang='lat' dir='ltr'>domo</span> <span class='ocrx_word' id='word_1_282' title='bbox 1087 2589 1236 2632; x_wconf 90' lang='lat' dir='ltr'>dictae</span> <span class='ocrx_word' id='word_1_283' title='bbox 1261 2588 1500 2631; x_wconf 91' lang='lat' dir='ltr'>Societatis</span> <span class='ocrx_word' id='word_1_284' title='bbox 1524 2587 1760 2644; x_wconf 89' lang='lat' dir='ltr'>collegium</span> <span class='ocrx_word' id='word_1_285' title='bbox 1785 2586 2079 2643; x_wconf 92' lang='lat' dir='ltr'>permanendi</span> 
     </span>
     <span class='ocr_line' id='line_1_35' title="bbox 392 2655 2080 2714; baseline 0.001 -18"><span class='ocrx_word' id='word_1_286' title='bbox 392 2655 553 2711; x_wconf 87' lang='lat' dir='ltr'>piaque</span> <span class='ocrx_word' id='word_1_287' title='bbox 574 2671 709 2713; x_wconf 92' lang='lat' dir='ltr'>opera</span> <span class='ocrx_word' id='word_1_288' title='bbox 731 2659 964 2714; x_wconf 89' lang='lat' dir='ltr'>praedicta</span> <span class='ocrx_word' id='word_1_289' title='bbox 985 2659 1234 2709; x_wconf 89' lang='lat' dir='ltr'>exercendi,</span> <span class='ocrx_word' id='word_1_290' title='bbox 1266 2659 1332 2702; x_wconf 91' lang='lat' dir='ltr'>ita</span> <span class='ocrx_word' id='word_1_291' title='bbox 1361 2659 1484 2714; x_wconf 91' lang='lat' dir='ltr'>quod</span> <span class='ocrx_word' id='word_1_292' title='bbox 1512 2659 1644 2701; x_wconf 90' lang='lat' dir='ltr'>liceat</span> <span class='ocrx_word' id='word_1_293' title='bbox 1673 2658 1880 2714; x_wconf 83' lang='lat' dir='ltr'>praefato</span> <span class='ocrx_word' id='word_1_294' title='bbox 1910 2656 2080 2699; x_wconf 92' lang='lat' dir='ltr'>oratori</span> 
     </span>
     <span class='ocr_line' id='line_1_36' title="bbox 392 2727 2129 2785; baseline 0.002 -19"><span class='ocrx_word' id='word_1_295' title='bbox 392 2731 435 2767; x_wconf 92' lang='lat' dir='ltr'>et</span> <span class='ocrx_word' id='word_1_296' title='bbox 468 2740 548 2780; x_wconf 89' lang='lat' dir='ltr'>pro</span> <span class='ocrx_word' id='word_1_297' title='bbox 582 2733 783 2784; x_wconf 90' lang='lat' dir='ltr'>tempore</span> <span class='ocrx_word' id='word_1_298' title='bbox 815 2730 1115 2773; x_wconf 84' lang='lat' dir='ltr'>existentibus</span> <span class='ocrx_word' id='word_1_299' title='bbox 1146 2730 1346 2772; x_wconf 90' lang='lat' dir='ltr'>eiusdem</span> <span class='ocrx_word' id='word_1_300' title='bbox 1379 2729 1618 2772; x_wconf 91' lang='lat' dir='ltr'>Societatis</span> <span class='ocrx_word' id='word_1_301' title='bbox 1649 2727 1918 2785; x_wconf 91' lang='lat' dir='ltr'>praepositis</span> <span class='ocrx_word' id='word_1_302' title='bbox 1949 2741 2129 2783; x_wconf 84' lang='lat' dir='ltr'>gene-35</span> 
     </span>
     <span class='ocr_line' id='line_1_37' title="bbox 392 2796 2080 2857; baseline 0.002 -21"><span class='ocrx_word' id='word_1_303' title='bbox 392 2796 572 2845; x_wconf 90' lang='lat' dir='ltr'>ralibus,</span> <span class='ocrx_word' id='word_1_304' title='bbox 613 2799 927 2853; x_wconf 88' lang='lat' dir='ltr'>superioribus,</span> <span class='ocrx_word' id='word_1_305' title='bbox 968 2800 1176 2857; x_wconf 88' lang='lat' dir='ltr'>patribus</span> <span class='ocrx_word' id='word_1_306' title='bbox 1215 2800 1415 2855; x_wconf 90' lang='lat' dir='ltr'>dictique</span> <span class='ocrx_word' id='word_1_307' title='bbox 1454 2799 1625 2855; x_wconf 88' lang='lat' dir='ltr'>collegii</span> <span class='ocrx_word' id='word_1_308' title='bbox 1663 2798 1826 2841; x_wconf 90' lang='lat' dir='ltr'>rectori</span> <span class='ocrx_word' id='word_1_309' title='bbox 1864 2803 1910 2840; x_wconf 92' lang='lat' dir='ltr'>et</span> <span class='ocrx_word' id='word_1_310' title='bbox 1949 2798 2080 2840; x_wconf 92' lang='lat' dir='ltr'>colle-</span> 
     </span>
     <span class='ocr_line' id='line_1_38' title="bbox 392 2866 2080 2926; baseline 0.002 -19"><span class='ocrx_word' id='word_1_311' title='bbox 392 2866 582 2921; x_wconf 88' lang='lat' dir='ltr'>gialibus</span> <span class='ocrx_word' id='word_1_312' title='bbox 614 2870 812 2923; x_wconf 89' lang='lat' dir='ltr'>personis</span> <span class='ocrx_word' id='word_1_313' title='bbox 845 2885 921 2926; x_wconf 92' lang='lat' dir='ltr'>per</span> <span class='ocrx_word' id='word_1_314' title='bbox 955 2885 1001 2914; x_wconf 90' lang='lat' dir='ltr'>se</span> <span class='ocrx_word' id='word_1_315' title='bbox 1033 2872 1105 2914; x_wconf 87' lang='lat' dir='ltr'>vel</span> <span class='ocrx_word' id='word_1_316' title='bbox 1138 2871 1276 2913; x_wconf 90' lang='lat' dir='ltr'>alium</span> <span class='ocrx_word' id='word_1_317' title='bbox 1310 2884 1387 2913; x_wconf 90' lang='lat' dir='ltr'>seu</span> <span class='ocrx_word' id='word_1_318' title='bbox 1420 2870 1531 2912; x_wconf 90' lang='lat' dir='ltr'>alios</span> <span class='ocrx_word' id='word_1_319' title='bbox 1563 2884 1644 2912; x_wconf 93' lang='lat' dir='ltr'>suo</span> <span class='ocrx_word' id='word_1_320' title='bbox 1677 2874 1722 2911; x_wconf 93' lang='lat' dir='ltr'>et</span> <span class='ocrx_word' id='word_1_321' title='bbox 1756 2868 1996 2911; x_wconf 89' lang='lat' dir='ltr'>Societatis</span> <span class='ocrx_word' id='word_1_322' title='bbox 2028 2882 2080 2910; x_wconf 91' lang='lat' dir='ltr'>ac</span> 
     </span>
     <span class='ocr_line' id='line_1_39' title="bbox 394 2937 2080 2997; baseline 0.002 -20"><span class='ocrx_word' id='word_1_323' title='bbox 394 2937 563 2992; x_wconf 89' lang='lat' dir='ltr'>collegii</span> <span class='ocrx_word' id='word_1_324' title='bbox 599 2938 854 2982; x_wconf 87' lang='lat' dir='ltr'>huiusmodi</span> <span class='ocrx_word' id='word_1_325' title='bbox 890 2942 1071 2984; x_wconf 90' lang='lat' dir='ltr'>nomine</span> <span class='ocrx_word' id='word_1_326' title='bbox 1106 2941 1396 2997; x_wconf 90' lang='lat' dir='ltr'>corporalem,</span> <span class='ocrx_word' id='word_1_327' title='bbox 1434 2940 1600 2983; x_wconf 89' lang='lat' dir='ltr'>realem</span> <span class='ocrx_word' id='word_1_328' title='bbox 1635 2944 1681 2983; x_wconf 94' lang='lat' dir='ltr'>et</span> <span class='ocrx_word' id='word_1_329' title='bbox 1717 2940 1943 2982; x_wconf 90' lang='lat' dir='ltr'>actualem</span> <span class='ocrx_word' id='word_1_330' title='bbox 1979 2952 2080 2995; x_wconf 92' lang='lat' dir='ltr'>pos-</span> 
     </span>
     <span class='ocr_line' id='line_1_40' title="bbox 393 3006 2080 3068; baseline 0.002 -20"><span class='ocrx_word' id='word_1_331' title='bbox 393 3006 632 3050; x_wconf 87' lang='lat' dir='ltr'>sessionem</span> <span class='ocrx_word' id='word_1_332' title='bbox 656 3010 864 3053; x_wconf 88' lang='lat' dir='ltr'>ecclesiae</span> <span class='ocrx_word' id='word_1_333' title='bbox 889 3012 1043 3054; x_wconf 89' lang='lat' dir='ltr'>Sancti</span> <span class='ocrx_word' id='word_1_334' title='bbox 1066 3011 1285 3068; x_wconf 89' lang='lat' dir='ltr'>Stephani</span> <span class='ocrx_word' id='word_1_335' title='bbox 1308 3025 1360 3053; x_wconf 88' lang='lat' dir='ltr'>ac</span> <span class='ocrx_word' id='word_1_336' title='bbox 1384 3010 1546 3053; x_wconf 92' lang='lat' dir='ltr'>domus</span> <span class='ocrx_word' id='word_1_337' title='bbox 1568 3010 1631 3052; x_wconf 90' lang='lat' dir='ltr'>illi</span> <span class='ocrx_word' id='word_1_338' title='bbox 1653 3009 1891 3066; x_wconf 90' lang='lat' dir='ltr'>contiguae</span> <span class='ocrx_word' id='word_1_339' title='bbox 1906 3023 2080 3053; x_wconf 91' lang='lat' dir='ltr'>necnon</span> 
     </span>
     <span class='ocr_line' id='line_1_41' title="bbox 394 3077 2130 3137; baseline 0.003 -20"><span class='ocrx_word' id='word_1_340' title='bbox 394 3077 526 3126; x_wconf 90' lang='lat' dir='ltr'>horti,</span> <span class='ocrx_word' id='word_1_341' title='bbox 544 3077 798 3134; x_wconf 90' lang='lat' dir='ltr'>iuriumque</span> <span class='ocrx_word' id='word_1_342' title='bbox 809 3086 853 3123; x_wconf 89' lang='lat' dir='ltr'>et</span> <span class='ocrx_word' id='word_1_343' title='bbox 865 3082 1241 3137; x_wconf 88' lang='lat' dir='ltr'>pertinentiarum</span> <span class='ocrx_word' id='word_1_344' title='bbox 1253 3095 1436 3124; x_wconf 90' lang='lat' dir='ltr'>suorum</span> <span class='ocrx_word' id='word_1_345' title='bbox 1447 3081 1759 3124; x_wconf 90' lang='lat' dir='ltr'>universorum</span> <span class='ocrx_word' id='word_1_346' title='bbox 1771 3081 2080 3137; x_wconf 82' lang='lat' dir='ltr'>praefatorum</span> <span class='ocrx_word' id='word_1_347' title='bbox 2093 3089 2130 3118; x_wconf 86' lang='lat'>40</span> 
     </span>
     <span class='ocr_line' id='line_1_42' title="bbox 397 3146 2081 3208; baseline 0.004 -21"><span class='ocrx_word' id='word_1_348' title='bbox 397 3146 531 3189; x_wconf 90' lang='lat' dir='ltr'>libere</span> <span class='ocrx_word' id='word_1_349' title='bbox 558 3150 890 3204; x_wconf 88' lang='lat' dir='ltr'>apprehendere</span> <span class='ocrx_word' id='word_1_350' title='bbox 917 3157 963 3194; x_wconf 87' lang='lat' dir='ltr'>et</span> <span class='ocrx_word' id='word_1_351' title='bbox 991 3158 1209 3208; x_wconf 89' lang='lat' dir='ltr'>perpetuo</span> <span class='ocrx_word' id='word_1_352' title='bbox 1237 3151 1440 3202; x_wconf 88' lang='lat' dir='ltr'>retinere,</span> <span class='ocrx_word' id='word_1_353' title='bbox 1480 3165 1556 3195; x_wconf 88' lang='lat' dir='ltr'>seu</span> <span class='ocrx_word' id='word_1_354' title='bbox 1598 3151 1689 3195; x_wconf 90' lang='lat' dir='ltr'>iam</span> <span class='ocrx_word' id='word_1_355' title='bbox 1730 3152 1882 3194; x_wconf 77' lang='lat' dir='ltr'>forsan</span> <span class='ocrx_word' id='word_1_356' title='bbox 1922 3163 2081 3207; x_wconf 90' lang='lat' dir='ltr'>appre—</span> 
     </span>
    </p>
   </div>
   <div class='ocr_carea' id='block_1_9' title="bbox 2184 2771 2188 2834">
    <p class='ocr_par' dir='ltr' id='par_1_9' title="bbox 2184 2771 2188 2834">
     <span class='ocr_line' id='line_1_43' title="bbox 2184 2771 2188 2834; baseline 0 0"><span class='ocrx_word' id='word_1_357' title='bbox 2184 2771 2188 2834; x_wconf 67' lang='lat' dir='ltr'>l</span> 
     </span>
    </p>
   </div>
   <div class='ocr_carea' id='block_1_10' title="bbox 2182 2384 2188 3040">
    <p class='ocr_par' dir='ltr' id='par_1_10' title="bbox 2182 2384 2188 3040">
     <span class='ocr_line' id='line_1_44' title="bbox 2182 2384 2188 3040; baseline 0 0"><span class='ocrx_word' id='word_1_358' title='bbox 2182 2384 2188 3040; x_wconf 95' lang='lat' dir='ltr'> </span> 
     </span>
    </p>
   </div>
   <div class='ocr_carea' id='block_1_11' title="bbox 2183 3128 2188 3242">
    <p class='ocr_par' dir='ltr' id='par_1_11' title="bbox 2183 3128 2188 3242">
     <span class='ocr_line' id='line_1_45' title="bbox 2183 3128 2188 3242; baseline 0 -12"><span class='ocrx_word' id='word_1_359' title='bbox 2183 3128 2188 3242; x_wconf 66' lang='grc' dir='ltr'>ἕ</span> 
     </span>
    </p>
   </div>
  </div>
 </body>
</html>
