2188 3535
2124 0 2159 54 aar!

337 188 385 230 48
1107 177 1182 211 No.
1214 186 1259 220 14
1690 174 1808 220 [1576
1832 176 1957 219 szept.
1985 184 2026 219 13

341 305 396 347 de
422 304 654 346 universae
679 298 860 342 virtutis
883 296 1015 339 laude
1039 293 1311 336 contendere
1335 292 1491 349 possit,
1518 296 1570 334 ut
1595 291 1705 334 nihil
1730 291 1789 335 ad
1813 293 1949 336 decus
1973 293 2025 343 ei,

342 375 452 417 nihil
465 375 523 417 ad
535 372 719 429 gloriam
736 367 926 411 defuisse
941 370 1112 421 putem.
1140 365 1285 420 Quem
1305 363 1342 406 si
1359 363 1609 412 imitabere,
1631 368 1683 404 ut
1704 363 1826 414 sacis,
1845 369 2029 407 tantum

342 460 388 488 es
413 451 492 487 tuo
516 441 684 485 nomini
707 438 852 481 laudis
876 436 1137 491 adepturus,
1164 438 1217 476 ut
1241 435 1367 477 nulla
1389 448 1593 490 unquam
1618 434 1672 476 de
1697 434 2029 477 Bathoreorum

345 515 483 571 gloria
513 513 638 555 sileat
669 515 806 557 aetas,
854 507 978 548 nulla
1022 511 1242 561 tempora,
1275 505 1451 547 nullum
1481 506 1710 548 saeculum
1741 505 2028 548 conticescat.

459 585 637 625 Possem
660 579 804 621 multa
824 577 968 619 dicere
991 579 1045 619 de
1069 576 1326 619 admirabili
1357 575 1601 632 prudentia
1635 576 1759 618 Tuae
1793 571 1900 626 Mtss,
1941 590 2034 632 qua
2063 587 2082 616 5

343 654 566 709 sapienter
587 649 738 693 omnia
759 648 805 690 in
827 661 962 703 regno
986 647 1199 703 disponis,
1225 647 1408 690 ordinas
1427 660 1436 697 ;
1462 647 1518 689 de
1541 646 1707 689 eximia
1728 645 2000 690 liberalitate
2020 660 2029 698 ;

344 726 397 766 de
421 721 683 764 fortitudine
705 718 930 774 singulari,
956 718 1011 760 de
1033 732 1212 760 summa
1233 717 1515 760 continentia
1534 731 1543 768 ;
1568 717 1623 759 de
1645 716 1872 773 profunda
1893 717 2033 760 animi

347 791 652 840 submissione,
679 790 732 832 de
757 788 999 832 tolerantia
1021 788 1067 830 in
1091 788 1291 831 adversis
1314 793 1359 830 et
1384 788 1438 830 de
1462 788 1682 830 immenso
1705 788 1871 838 labore,
1897 803 2033 845 quem

345 866 489 907 laetus
518 861 719 918 quotidie
749 860 871 902 subis
901 873 982 915 pro
1011 859 1152 914 gloria
1182 859 1278 908 Dei,
1311 873 1392 914 pro
1423 863 1666 914 augmento
1696 859 1919 908 ecclesiae,
1951 873 2033 915 pro

346 948 454 991 pace
474 938 518 975 et
538 933 682 975 salute
701 931 1000 978 subditorum,
1023 935 1068 972 et
1088 944 1169 985 pro
1189 929 1312 985 regni
1330 929 1544 972 utilitate.
1568 930 1656 972 Sed
1674 930 1785 972 mihi
1805 935 1911 973 ante
1930 944 2033 973 ocu-
2047 944 2081 972 10

344 1006 409 1047 los
442 1005 708 1047 obversatur
741 1001 974 1057 collegium
1007 1000 1428 1056 Transylvanicum,
1453 1001 1577 1056 quod
1608 1015 1680 1043 me
1715 1001 1774 1043 ad
1806 1015 1851 1044 se
1885 1001 2032 1057 rapit;

343 1077 453 1118 hacc
482 1074 527 1116 in
556 1074 679 1117 aliud
693 1079 874 1128 tempus
889 1072 1066 1115 reiicere
1081 1072 1305 1114 hortatur.
1324 1072 1437 1114 Cum
1460 1086 1579 1114 anno
1601 1071 1676 1114 illo
1699 1071 1816 1114 felici
1837 1077 1882 1114 et
1905 1077 2034 1128 opta-

344 1146 531 1193 tissimo,
577 1159 667 1200 quo
710 1144 755 1185 in
799 1143 1046 1199 principem
1090 1142 1445 1198 Transylvaniae
1490 1142 1636 1185 fuerat
1681 1143 1780 1186 Tua
1822 1142 2035 1185 Maiestas

346 1218 501 1265 electa,
519 1214 921 1271 congratulatorias
943 1213 1075 1256 simul
1098 1218 1143 1256 et
1165 1213 1444 1256 laudatorias
1467 1213 1526 1256 ad
1548 1217 1606 1262 te,
1631 1227 1709 1256 rex
1732 1213 2031 1263 Serenissime,

345 1287 567 1330 dedissem
594 1286 758 1336 literas,
787 1284 1056 1341 perbenigne
1077 1284 1188 1326 mihi
1216 1285 1315 1327 Tua
1348 1284 1561 1327 Maiestas
1588 1285 1875 1341 rescripserat
1903 1289 1948 1327 et
1977 1285 2036 1327 ad
2049 1295 2082 1323 15

349 1372 394 1400 se
423 1357 741 1400 humanissime
771 1356 1060 1404 invitaverat,
1091 1356 1331 1411 locumque
1361 1355 1576 1398 daturum
1605 1355 1716 1397 mihi
1745 1361 1789 1398 et
1820 1355 2036 1398 fratribus

349 1429 459 1471 meis
485 1428 531 1470 in
557 1428 684 1470 bonis
711 1426 909 1483 paternis
935 1426 981 1468 in
1008 1427 1192 1482 Somlyo
1218 1426 1524 1468 liberalissime
1551 1426 1818 1482 promiserat
1840 1441 1848 1477 ;
1878 1431 2037 1482 postea

350 1499 641 1554 sequentibus
665 1498 792 1540 annis
815 1497 1033 1540 tractavit
1056 1498 1141 1540 hoc
1165 1497 1397 1553 negotium
1420 1498 1519 1540 Tua
1541 1497 1755 1540 Maiestas
1779 1497 2038 1553 frequenter

351 1584 430 1625 per
460 1569 610 1612 literas
642 1574 686 1611 et
719 1583 797 1624 per
827 1569 1010 1623 legatos,
1046 1583 1150 1610 cum
1183 1573 1312 1624 patre
1344 1573 1499 1611 nostro
1526 1568 1747 1618 Generali,
1772 1583 1875 1611 cum
1907 1574 2037 1625 patre

352 1640 594 1682 Laurentio
623 1640 769 1695 Magio
798 1644 842 1681 et
871 1654 1062 1688 mecum,
1093 1640 1332 1695 locumque
1361 1639 1544 1695 collegio
1574 1639 1728 1682 futuro
1757 1640 1798 1682 V
1800 1639 2038 1682 aradjnum
2050 1652 2085 1680 20

351 1711 616 1766 designavit,
639 1715 689 1752 ut
722 1710 783 1752 ibi
806 1725 1001 1752 essemus
1021 1711 1105 1752 sub
1125 1710 1404 1766 protectione
1425 1710 1577 1752 fratris
1596 1705 1681 1752 Mtis
1710 1711 1846 1759 Tuae,
1869 1709 2039 1753 domini

350 1781 657 1838 Christophori
679 1781 879 1823 Bathori.
899 1781 986 1824 Sed
1009 1796 1112 1823 cum
1128 1781 1255 1824 varia
1277 1796 1333 1823 ex
1356 1781 1479 1824 omni
1494 1786 1624 1837 parte
1640 1781 1936 1824 occurrissent
1952 1781 2038 1823 sin-

349 1852 463 1906 gulis
490 1852 617 1894 annis
644 1852 970 1908 impedimenta
1000 1854 1134 1906 (nunc
1161 1852 1400 1908 occupatio
1426 1867 1527 1895 mea
1553 1852 1599 1894 in
1626 1852 1814 1908 legenda
1841 1852 2039 1894 Philoso-

352 1923 460 1978 phia
479 1923 744 1972 Aristotelis,
768 1938 886 1965 nunc
907 1923 1126 1979 profectio
1147 1923 1194 1965 in
1214 1924 1373 1966 urbem
1395 1924 1454 1966 ad
1475 1938 1646 1966 annum
1666 1923 1896 1972 iubsseum,
1919 1937 2039 1965 nunc

352 2007 471 2035 mors
495 1994 738 2049 praepositi
754 1994 982 2036 Generalis
1003 1994 1158 2044 nostri,
1186 2009 1306 2037 nunc
1331 1994 1534 2037 defectus
1559 2000 1604 2036 et
1630 1993 1837 2037 absentia
1859 1994 2040 2037 idoneo-
2054 2007 2089 2036 25

355 2078 453 2106 rum
471 2065 787 2120 operariorum,
807 2079 918 2120 quos
935 2080 989 2107 ex
1007 2065 1194 2108 diversis
1210 2071 1254 2108 et
1271 2065 1526 2122 longinquis
1542 2065 1784 2121 provinciis
1800 2065 2042 2121 oportebat

354 2135 623 2190 congregari,
653 2150 771 2178 nunc
801 2136 993 2192 denique
1022 2137 1139 2179 bella
1167 2139 1369 2193 cruenta)
1413 2136 1460 2178 in
1501 2137 1621 2178 hunc
1649 2150 1844 2192 usquam
1872 2149 2042 2178 annum

351 2206 434 2247 hoc
464 2205 589 2261 pium
619 2212 662 2248 ct
693 2207 888 2249 salutare
918 2207 1150 2263 negotium
1180 2207 1373 2250 dilatum
1403 2212 1448 2250 et
1478 2221 1746 2263 suspensum
1776 2206 1876 2249 fuit.
1907 2207 2041 2249 Anno

354 2276 537 2318 tandem
575 2288 682 2331 1575
720 2278 922 2333 proxime
971 2279 1122 2334 elapso
1168 2293 1271 2321 curn
1305 2278 1633 2334 impedimenta
1666 2292 1722 2320 ex
1756 2277 1879 2321 omni
1913 2282 2042 2333 parte

354 2352 612 2396 cessassent,
638 2362 830 2404 cumque
853 2354 897 2390 et
920 2354 1072 2404 patres
1094 2349 1237 2392 nostri
1263 2351 1392 2405 (quos
1414 2349 1473 2392 ad
1501 2349 1647 2392 Tuam
1682 2348 1789 2391 Mtem
1814 2348 2043 2392 Generalis
2055 2365 2090 2393 30

355 2417 635 2472 praepositus
661 2419 804 2461 nostri
829 2419 998 2462 ordinis
1023 2419 1204 2463 mittere
1231 2420 1506 2474 decreverat)
1536 2420 1758 2462 Viennam
1785 2418 2044 2475 congregati

355 2493 514 2536 essent,
559 2494 611 2529 ut.
649 2490 986 2546 quamprimum
1018 2505 1044 2533 a
1073 2491 1172 2534 Tua
1201 2490 1278 2533 Mte
1308 2496 1592 2540 vocarentur,
1626 2490 1864 2533 confestim
1893 2489 2043 2532 itineri

355 2571 399 2598 se
435 2558 713 2613 accingerent
756 2566 801 2602 et
836 2561 934 2603 Tua
967 2561 1180 2605 Maiestas
1210 2562 1329 2604 diem
1364 2561 1494 2604 nobis
1528 2560 1819 2617 profectionis
1854 2560 1914 2603 ad
1948 2560 2042 2603 divi
2083 2588 2086 2591 «

202 2631 271 2671 Apr.
296 2647 337 2670 24.
356 2627 531 2682 Georgii
577 2629 741 2672 festum
787 2631 1036 2681 indixisset,
1085 2647 1140 2675 en
1185 2637 1364 2689 praeter
1408 2632 1611 2675 omnium
1656 2631 2042 2687 exspectationem

356 2711 524 2739 novum
558 2700 805 2743 excitatum
839 2707 906 2744 est
946 2702 1337 2758 impedimentum,
1385 2702 1662 2746 faustissima
1709 2702 1832 2744 Tuae
1877 2696 1963 2744 Mtis
1995 2701 2090 2749 in35

357 2781 503 2821 regem
522 2769 729 2813 Poloniae
747 2772 917 2822 electio,
936 2787 1052 2828 quae
1074 2779 1144 2817 tot
1166 2779 1350 2830 repente
1372 2773 1489 2816 curis
1503 2774 1648 2816 Tuam
1670 2772 1778 2814 Mtem
1804 2772 2040 2828 oppressit,

357 2842 407 2878 ut
435 2851 514 2879 nec
540 2840 727 2883 scribere
754 2843 811 2884 ad
837 2857 918 2885 nos
944 2843 1055 2899 quid
1081 2845 1308 2900 agendum
1334 2845 1463 2893 foret,
1492 2858 1573 2886 nec
1598 2843 1780 2885 mittere
1806 2857 1887 2898 pro
1913 2843 2043 2885 nobis

356 2907 558 2949 homines
584 2923 686 2952 suos
711 2918 844 2966 prout
871 2920 1100 2969 receperat
1127 2915 1361 2958 commode
1387 2919 1552 2970 posset.

472 2977 558 3020 Hic
580 2984 646 3021 est
669 2986 814 3024 status
836 2983 977 3026 totius
999 2986 1166 3042 negotii
1188 2985 1343 3035 nostri,
1373 2985 1498 3041 quod
1524 2999 1579 3027 ex
1607 2984 1702 3027 sola
1728 2983 1819 3026 iarn
1848 2983 2042 3026 iussione

355 3052 399 3090 et
435 3049 671 3092 voluntate
718 3047 801 3093 Mus
845 3054 967 3097 Tuae
1003 3057 1183 3112 pendet.
1222 3057 1354 3099 Nunc
1389 3070 1492 3111 ergo
1527 3069 1607 3111 per
1642 3069 1842 3097 amorem
1877 3054 2090 3098 Christi-10

354 3123 399 3160 et
422 3132 500 3174 per
514 3133 799 3164 communem
817 3124 988 3178 patriae
1013 3132 1193 3170 nostrae
1217 3127 1410 3169 salutem
1430 3131 1488 3175 te,
1506 3140 1584 3168 rex
1601 3124 1902 3176 Serenissime,
1919 3139 2038 3180 rogo,

2171 1952 2173 1955 ·
2168 1479 2181 1923 ae·wmv›=v-‡ff÷v-L-v-,-*-<2
2172 1455 2173 1462 ⁴
2170 1376 2174 1440 Α.»
2171 1349 2174 1359 -
2170 1308 2173 1318 r
