2188 3535
103 210 198 255 1576
228 210 350 254 szept.
389 211 450 255 13]
860 214 934 255 No,
975 226 1017 260 14
1747 235 1790 270 33

99 323 266 373 tareris,
317 339 534 380 magnum
581 326 708 370 illum
757 329 1108 375 Constantinum
1156 333 1203 376 in
1249 335 1530 379 restituenda
1578 337 1788 394 religione

97 399 142 437 et
173 396 477 438 restaurandis
499 397 680 453 templis
702 399 863 443 ducem
885 403 1124 458 egregium.
1150 404 1236 447 Hic
1258 405 1378 449 enim
1399 407 1594 463 plurima
1616 411 1788 466 templa

96 465 142 507 in
163 465 268 507 orbe
293 466 537 510 christiano
563 467 609 510 in
635 469 851 513 honorem
877 472 1042 515 Christi
1067 479 1112 516 et
1139 475 1348 520 divorum
1374 479 1642 529 construxit,
1671 495 1787 536 quae

96 535 381 591 amplissimis
402 537 654 581 redditibus
674 540 866 591 dotavit,
892 557 946 585 ex
966 545 1302 598 preciosissimis
1321 549 1582 592 muneribus
1600 565 1787 594 exorna-

47 619 65 647 5
96 605 176 648 vit.
202 606 415 649 Habuisti
437 613 669 663 praeterea
688 611 846 654 divum
868 613 1164 669 Stephanum,
1189 617 1385 672 primum
1401 633 1549 675 regem
1564 626 1784 672 nostrum,

96 676 173 731 qui
194 676 312 719 inter
332 678 478 721 multa
501 681 685 736 templa,
711 696 827 738 quae
850 683 896 725 in
920 686 1154 741 Hungaria
1177 687 1222 729 in
1245 689 1462 732 honorem
1486 691 1569 733 Dei
1592 696 1637 733 et
1661 692 1786 735 divo-

94 760 194 788 rum
225 747 456 798 excitavit,
499 764 642 793 unum
677 754 864 796 caeteris
899 756 1260 810 magnificentius
1294 760 1378 801 sub
1413 761 1580 804 honore
1615 763 1786 806 Beatae

94 817 261 860 Mariae
290 819 485 875 Virginis
515 826 734 876 patronae
766 825 1026 880 Hungariae
1057 829 1324 879 construxit,
1358 830 1405 872 in
1435 846 1525 887 quo
1556 832 1698 876 altare
1729 848 1784 877 ex

91 902 204 943 puro
238 902 348 932 auro
389 891 544 941 erexit,
588 892 712 936 intus
753 900 798 936 et
840 896 946 939 foris
987 897 1174 953 picturis
1216 901 1545 944 venustissimis
1587 904 1780 954 ornavit,

43 972 78 1001 10
91 958 293 1002 vestibus
313 961 461 1011 sacris,
484 962 604 1005 vasis
623 965 768 1008 aureis
789 971 833 1008 et
853 968 1076 1023 argenteis
1096 983 1148 1011 ac
1167 970 1419 1014 redditibus
1438 987 1576 1028 supra
1595 975 1783 1018 modum

0 1157 2 1212 ι

0 1254 3 1329 ι

0 1357 4 1465 Ξ

0 1466 4 1581 Ξ

91 1029 270 1072 ditavit.
297 1032 512 1074 Habuisti
544 1034 763 1078 Sanctum
795 1038 1055 1081 Ladislaum
1086 1054 1248 1095 regem,
1274 1042 1493 1085 Sanctum
1524 1044 1782 1088 Emericum

90 1099 250 1143 ducem
285 1102 652 1158 Transylvaniae,
688 1107 911 1150 Mathiam
941 1110 1186 1152 Corvinum
1207 1125 1357 1166 regem
1380 1113 1653 1163 Pannoniae,
1678 1116 1781 1158 Vla-

89 1170 281 1213 dislaum
296 1172 577 1228 Jagellonem
605 1190 754 1232 regem
783 1179 1030 1228 Poloniae,7
1060 1181 1278 1223 Sanctum
1308 1182 1585 1225 Stanislaum
1614 1185 1782 1239 episco-

89 1255 198 1296 pum
228 1242 605 1295 Cracoviensem,8
637 1248 903 1292 Casimirum
935 1265 1084 1306 regem
1115 1252 1362 1301 Poloniae,9
1402 1268 1557 1296 omnes
1588 1255 1781 1312 denique

0 1335 2 1354 ἡ
38 1324 73 1353 15
89 1311 230 1354 totius
253 1314 597 1358 christianitatis
620 1318 864 1362 catholicos
887 1320 1194 1376 imperatoreS,
1220 1337 1355 1378 reges,
1382 1323 1530 1373 duces,
1557 1325 1780 1381 principes

88 1386 133 1423 et
155 1384 394 1438 praelatos,
419 1386 498 1442 qui
520 1392 694 1442 quanta
716 1403 820 1445 erga
842 1392 991 1433 Deum
1014 1392 1208 1447 praediti
1231 1398 1378 1435 essent
1401 1394 1585 1450 pietate,
1611 1397 1779 1451 partim

85 1452 208 1495 vitae
252 1455 509 1505 sanctitate,
547 1458 715 1512 partim
760 1460 1042 1516 extirpandis
1085 1463 1358 1514 haeresibus,
1404 1465 1573 1520 partim
1617 1481 1778 1523 propo-

84 1524 231 1578 gando
253 1526 389 1568 fidem
418 1528 703 1579 catholicam,
734 1531 903 1586 partim
933 1533 1153 1588 erigendis
1181 1535 1363 1590 templis
1391 1540 1435 1577 et
1465 1537 1692 1579 coenobiis
1721 1539 1780 1581 ad

83 1595 339 1650 augendum
372 1597 547 1640 cultum
582 1599 788 1644 divinum
822 1603 1003 1645 abunde
1037 1605 1209 1647 mundo
1243 1610 1466 1649 testatum
1499 1607 1774 1663 reliquerint.

34 1664 211 1707 20Tales
232 1665 369 1722 igitur
399 1668 547 1718 duces,
579 1685 658 1712 rex
687 1671 997 1723 invictissime,
1029 1689 1210 1717 securus
1240 1690 1437 1732 sequere,
1470 1692 1550 1719 nec
1581 1679 1774 1729 dubites,

3 1907 7 1947 ³

4 1949 8 2046 l

82 1735 190 1790 quin
211 1736 326 1778 sicut
348 1737 446 1781 illos
477 1739 523 1781 in
552 1742 898 1785 necessitatibus
930 1759 1165 1800 nunquam
1198 1747 1320 1789 Deus
1352 1747 1562 1797 deseruit,
1598 1749 1663 1791 ita
1694 1765 1774 1793 nec

82 1809 126 1848 te
148 1806 205 1848 sit
221 1807 490 1852 deserturus.
510 1811 711 1854 Tametsi
728 1827 782 1855 ex
799 1814 880 1863 his,
900 1829 1016 1870 quae
1040 1816 1094 1858 de
1119 1821 1200 1859 tua
1222 1817 1407 1872 pietate,
1426 1833 1504 1860 rex
1520 1820 1774 1874 prudentis-

81 1875 202 1928 sime,
227 1878 333 1928 dixi,
365 1880 554 1936 quilibet
583 1882 630 1924 in
662 1898 752 1939 quo
784 1885 979 1928 scintilla
1011 1886 1163 1942 aliqua
1200 1888 1388 1931 rationis
1426 1889 1604 1940 residet,
1646 1891 1775 1934 facile

80 1960 340 2002 cognoscere
372 1952 527 2006 possit,
562 1954 690 1996 cuius
721 1955 826 1997 fidei
864 1970 1041 2012 semper
1079 1963 1123 1999 et
1163 1958 1386 2014 religionis
1423 1961 1521 2002 Tua
1561 1961 1774 2005 Maiestas

31 2031 66 2060 25
80 2017 225 2068 fuen't,
258 2034 350 2063 non
382 2026 536 2065 tamen
572 2024 729 2067 videor
763 2026 874 2068 mihi
911 2027 1192 2078 satisfecisse,
1232 2044 1313 2072 nec
1351 2030 1499 2073 officio
1538 2046 1651 2081 meo,
1692 2047 1772 2075 nec

79 2088 288 2132 charitati
318 2092 600 2144 christianae,
634 2096 718 2138 nisi
751 2097 890 2139 etiam
921 2112 947 2140 a
978 2098 1101 2141 falsis
1138 2100 1374 2143 calumniis
1410 2102 1770 2146 adversariorum

76 2158 288 2203 honorem
331 2163 454 2206 Tuae
508 2160 594 2207 Mtis
641 2172 867 2222 quantum
905 2168 951 2210 in
990 2184 1062 2212 me
1101 2175 1181 2219 est,
1223 2171 1525 2214 vindicavero.
1568 2174 1770 2215 Fuerunt

64 2227 211 2284 ,igitur
235 2233 422 2288 quidam
448 2235 532 2277 viri
557 2237 721 2279 abiecti
748 2238 901 2289 livore,
921 2239 1118 2282 invidiae
1138 2241 1270 2296 pleni,
1300 2242 1378 2297 qui
1404 2256 1507 2284 cum
1534 2257 1769 2298 prosperos

75 2313 299 2346 successus
321 2309 424 2347 tuos
453 2310 498 2348 et
528 2307 681 2350 lumen
710 2309 937 2352 virtutum
967 2315 1151 2353 tuarum
1178 2325 1323 2367 aequo
1353 2312 1505 2354 animo
1536 2313 1647 2355 ferre
1677 2328 1768 2356 non

24 2383 60 2411 30
74 2377 265 2425 possent,
291 2374 428 2418 falsos
451 2377 506 2419 de
530 2378 628 2420 Tua
658 2378 734 2421 Mte
770 2394 971 2422 rumores
1014 2381 1285 2430 excitarunt,
1325 2397 1415 2424 non
1453 2383 1563 2425 satis
1601 2383 1768 2427 sincere

72 2440 213 2486 Tuam
243 2443 350 2487 Mtem
386 2447 440 2489 de
466 2448 553 2490 fide
580 2450 803 2492 catholica
828 2451 993 2493 sentire
1014 2465 1023 2500 ;
1053 2451 1218 2506 quibus
1244 2452 1347 2494 licet
1374 2457 1526 2508 patres
1552 2455 1694 2496 nostri
1719 2460 1765 2497 et

74 2510 268 2557 Viennae
293 2521 338 2558 et
364 2517 435 2559 hic
463 2519 636 2561 Romae
662 2520 842 2562 abunde
869 2521 1183 2571 satisfecerint,
1212 2523 1406 2564 narratis
1431 2523 1496 2572 iis,
1525 2539 1641 2580 quae
1666 2526 1764 2568 Tua

72 2581 279 2628 Maiestas
320 2588 380 2629 ad
418 2589 645 2645 religiosos
689 2591 912 2646 quosdam
941 2597 1093 2647 patres
1123 2593 1266 2635 nostri
1295 2593 1463 2636 ordinis
1493 2594 1548 2636 de
1577 2596 1761 2651 collegio

73 2651 283 2698 Varadini
312 2663 493 2702 nostrae
525 2661 741 2703 Societati
772 2662 982 2717 erigendo
1014 2663 1219 2718 scripsit:
1254 2668 1411 2706 tamen
1441 2670 1493 2706 ut
1525 2665 1686 2708 fortius
1717 2672 1762 2710 et

23 2735 59 2762 35
72 2724 348 2771 manifestius
375 2730 612 2773 hominum
634 2732 894 2775 invidorum
917 2733 1143 2776 calumnia
1173 2734 1447 2785 confutetur,
1479 2736 1653 2792 patiare
1676 2752 1761 2787 me,

15 3094 39 3381 ἶ

18 3384 24 3535 Ι

40 3103 56 3130 0

71 2805 146 2835 rex
161 2795 296 2847 Serme,
314 2801 450 2854 paulo
465 2801 647 2844 liberius
663 2808 707 2845 et
724 2803 948 2859 copiosius
967 2804 1020 2845 de
1037 2808 1118 2846 tua
1135 2805 1504 2849 constantissima
1519 2807 1607 2849 fide
1622 2807 1758 2864 loqui.

181 2866 235 2908 In
267 2869 421 2924 primis
454 2886 545 2914 non
579 2887 659 2928 ego
693 2873 765 2915 hic
799 2873 1140 2923 commendabo,
1183 2876 1307 2930 quod
1339 2890 1394 2918 ex
1429 2877 1758 2933 antiquissima,

71 2934 353 2989 nobilissima,
404 2943 754 2986 catholicissima
802 2944 1132 2987 Bathoreorum
1181 2946 1353 2989 familia
1403 2948 1536 3003 (quae
1585 2962 1759 3004 semper

192 3049 205 3069 ⁷
233 3051 268 3084 A
284 3051 439 3099 lengyel
456 3054 534 3090 III.
553 3057 795 3098 Viadiszlav,
818 3068 1067 3101 1440—1444
1084 3058 1181 3093 kozt
1198 3058 1229 3093 I.
1250 3059 1411 3094 Ulaszlo
1430 3070 1597 3105 magyar
1614 3060 1754 3106 kiraly.

192 3106 206 3127 ⁸
233 3109 466 3155 Megoletett
497 3115 701 3158 1079-ben‚
729 3116 885 3150 szentte
911 3115 1084 3150 avattak
1115 3126 1157 3150 12
1165 3117 1319 3161 54-ben.

191 3164 206 3185 ⁹
233 3165 301 3201 IV.
333 3169 507 3205 Kazmer
532 3172 663 3218 kiraly
693 3172 866 3217 1445—t61
897 3173 1061 3218 1492-ig.

134 3244 238 3272 Fontes
262 3249 366 3276 Rerum
387 3251 677 3285 Transylvam'carum
700 3257 723 3281 Ι.
1595 3255 1612 3289 3
