2188 3535
360 162 429 207 178
1122 154 1197 190 No.
1227 163 1276 200 59
1713 154 1825 198 [1581
1860 156 1986 199 szept.
2026 163 2039 188 1

357 278 490 321 huius
509 276 613 319 novi
631 273 799 329 collegii
817 286 894 315 rex
913 277 957 314 et
977 271 1196 327 princeps,
1217 271 1414 327 primum
1433 277 1524 314 tres
1541 271 1671 314 nobis
1689 286 1828 328 pagos
1846 272 2045 327 assigna-

359 353 546 391 verant:
591 346 1011 390 Colosmonostram,
1054 342 1263 384 Baesiam
1304 347 1348 385 et
1390 343 1654 399 Jegeniam;
1698 342 1776 384 sed
1816 357 1920 384 cum
1960 342 2046 385 illis

360 419 531 461 dictum
566 420 679 458 esset
731 415 813 455 hos
863 426 955 454 non
990 412 1192 455 sufficere
1228 427 1308 469 pro
1343 414 1463 469 pleni
1499 412 1668 468 collegii
1704 413 2043 462 constitutione,

359 489 521 530 iterum
545 488 628 527 hoc
652 498 770 526 anno
797 482 904 535 1581
931 487 1022 525 tres
1046 483 1156 526 alios
1179 483 1439 526 adiecerunt
1460 498 1467 526 :
1497 484 1761 533 Kaiantam‚
1786 483 2046 526 Tiburciam

360 563 403 601 et
429 554 775 610 Bogartelkiam.
804 554 875 595 Ex
900 554 1065 609 quibus
1089 559 1196 597 ante
1220 569 1302 598 nos
1326 555 1590 598 Franciscus
1615 555 1651 596 F
1653 554 1857 610 orgacius
1881 554 2048 597 dicitur
2078 563 2096 592 5

359 626 581 682 collegisse
615 624 744 666 annis
779 623 962 680 singulis
997 624 1085 668 tria
1118 625 1258 668 millia
1292 640 1542 669 aureorum.
1581 626 1642 668 Et
1677 625 1881 668 notarius
1914 624 2048 667 huius

359 696 570 745 civitatis,
600 695 669 738 vir
696 694 957 745 catholicus,
987 710 1079 738 non
1107 696 1289 739 dubitat
1318 697 1544 739 affirmare
1576 711 1621 739 se
1650 711 1705 738 ex
1728 696 1859 738 bonis
1885 697 2049 738 harum

359 767 566 810 villarum
590 765 833 808 liberaliter
857 766 973 808 alere
997 780 1127 822 posse
1155 778 1236 821 150
1261 767 1434 810 fratres.
1463 769 1558 823 Ego
1585 781 1692 810 vero
1717 767 1863 810 ausim
1887 767 2047 816 dicere,

359 838 481 894 quod
506 852 561 879 ex
587 836 691 879 solis
716 836 846 879 bonis
872 837 1261 880 Colosmonostrae
1286 843 1438 894 patres
1465 838 1660 881 Romani
1686 838 1851 880 scirent
1877 842 1922 880 et
1949 851 2050 894 pos-

358 913 457 951 sent
481 907 715 950 commode
741 918 822 961 150
845 907 1007 950 fratres
1030 913 1296 951 sustentare.
1323 909 1410 952 Sed
1431 909 1503 952 hic
1526 924 1617 952 non
1638 910 1860 952 habemus
1881 909 2050 965 peritos
2064 919 2100 948 ιο

359 984 404 1022 01
425 978 755 1034 industrios[os]
782 993 1062 1023 oeconomos.
1098 980 1223 1021 Haec
1255 984 1410 1022 autem
1437 981 1558 1023 bona
1592 980 1745 1023 omnia
1779 995 1870 1023 non
1905 979 2051 1022 solum

359 1050 498 1093 literis
516 1049 630 1106 regis
649 1054 694 1092 et
714 1050 928 1106 principis
947 1055 1053 1092 sunt
1074 1051 1354 1100 confirmata,
1376 1051 1455 1093 sed
1474 1065 1501 1094 a
1520 1056 1619 1093 toto
1639 1065 1775 1107 regno
1794 1051 1840 1093 in
1859 1049 2051 1107 publicis

361 1120 552 1163 comitiis
590 1121 856 1177 approbata.
906 1121 1039 1177 Quod
1076 1135 1167 1163 non
1206 1121 1300 1164 sine
1338 1136 1474 1165 causa
1512 1122 1680 1164 multos
1718 1122 1764 1164 in
1802 1126 2048 1177 stuporem.

361 1197 406 1234 et
438 1192 784 1234 admirationem
815 1191 963 1248 rapit:
999 1192 1228 1249 quomodo
1259 1207 1341 1235 nos
1371 1193 1492 1235 intra
1523 1193 1769 1243 biennium,
1803 1197 2052 1249 antequam

362 1277 522 1319 pamm
546 1268 626 1306 aut
650 1263 761 1305 011111
785 1263 998 1306 utilitatis
1022 1277 1158 1319 regno
1182 1264 1472 1314 adferremus,
1500 1269 1597 1307 tam
1621 1264 1767 1306 multa
1791 1265 1912 1306 bona
1935 1263 2051 1306 obti—
2066 1273 2102 1302 15

362 1348 464 1376 nere
505 1333 798 1390 potuerimus,
841 1339 1017 1391 quanta
1056 1335 1212 1377 multis
1252 1335 1381 1378 annis
1422 1340 1467 1378 et
1509 1340 1611 1391 post
1653 1335 1822 1377 multos
1860 1335 2050 1384 labores,

362 1405 510 1447 nullus
536 1405 627 1448 fere
652 1405 872 1448 nobilium
902 1406 1145 1462 impetrare
1183 1407 1395 1462 potuerit.
1431 1407 1519 1449 Sed
1543 1411 1677 1450 tanta
1702 1411 1770 1449 est
1797 1400 1915 1449 Sei-¹¹¹i
1940 1404 2054 1461 regis

363 1490 466 1532 erga
493 1491 575 1519 nos
602 1491 730 1520 amor
757 1482 802 1519 et
830 1477 1088 1527 liberalitas,
1118 1482 1170 1519 ut
1198 1492 1289 1520 non
1317 1478 1462 1520 solum
1490 1479 1613 1527 haec,
1644 1477 1723 1520 sed
1750 1477 1895 1520 multo
1923 1477 2054 1533 plura

363 1552 407 1589 et
435 1547 607 1590 maiora
635 1548 740 1591 dare
762 1554 950 1604 paratus
972 1548 1041 1591 sit.
1064 1549 1198 1591 Cuius
1225 1554 1399 1605 quanta
1427 1563 1531 1606 erga
1548 1548 1822 1591 Societatem
1849 1552 2054 1591 nostram

362 1617 433 1668 sit,
466 1633 730 1675 semperque
761 1619 895 1662 fuerit
927 1620 1255 1670 benevolentia,
1287 1620 1391 1662 inde
1421 1621 1519 1663 Tua
1550 1621 1603 1662 R.
1638 1619 1896 1662 Paternitas
1925 1618 2103 1661 facilem

362 1703 626 1745 cognoscere
651 1690 832 1746 poterit,
867 1691 990 1747 quod
1012 1692 1070 1733 ab
1092 1706 1210 1733 anno
1247 1693 1392 1746 1571,⁷
1428 1706 1518 1747 quo
1552 1691 1598 1733 in
1632 1690 1881 1747 principem
1915 1691 2056 1732 Tran-

362 1761 593 1816 sylvaniae
622 1761 770 1804 1110131
798 1762 979 1812 01001115,
1009 1777 1151 1818 usque
1179 1762 1238 1805 ad
1265 1767 1549 1818 praesentem
1577 1776 1747 1804 annum
1778 1762 1902 1814 1581,
1931 1760 2055 1803 labo-

362 1846 458 1874 rare
488 1837 532 1874 et
563 1847 692 1889 agere
723 1833 778 1875 de
806 1834 892 1876 hoc
922 1833 1105 1889 collegio
1134 1848 1369 1890 nunquam
1400 1833 1589 1876 destitit.
1623 1832 1826 1875 Primum
1855 1831 2057 1874 Viennae

362 1917 440 1958 per
472 1904 621 1959 plures
655 1919 810 1954 annos,
846 1918 925 1960 per
956 1904 1109 1947 literas
1142 1909 1187 1947 et
1221 1905 1392 1960 legatos
1426 1904 1684 1960 frequentes
1717 1918 1821 1946 cum
1854 1904 1903 1945 P.
1941 1904 2057 1945 Lau-

362 1974 506 2017 rentio
537 1975 685 2031 Magio
715 1980 759 2017 et
790 1990 997 2026 mecum;
1031 1975 1191 2018 deinde
1222 1977 1394 2018 Romae
1425 1980 1522 2018 tam
1552 1990 1631 2031 per
1660 1974 1885 2030 epistolas,
1918 1984 2105 2029 quam25

363 2059 441 2100 per
467 2046 654 2088 nuncios
682 2061 785 2088 cum
814 2048 868 2089 R.
900 2048 948 2089 P.
979 2047 1144 2103 Borgia
1171 2051 1216 2089 et
1245 2048 1293 2089 P.
1324 2047 1632 2089 Mercuriano:
1664 2047 1854 2088 offerens
1882 2058 2058 2100 semper

363 2116 514 2159 omnia
554 2117 873 2169 liberalissime,
919 2132 1035 2174 quae
1069 2118 1199 2161 nobis
1234 2118 1292 2160 ad
1333 2118 1418 2160 iter
1459 2117 1707 2160 necessaria
1749 2117 1909 2159 forent.
1954 2116 2058 2158 Non

363 2187 523 2230 minori
559 2203 640 2230 nos
675 2203 827 2231 amore
862 2188 1130 2231 lectissimus
1166 2189 1305 2231 frater
1339 2189 1466 2231 eius⁸
1502 2188 1911 2244 complectebatur:
1950 2200 2058 2228 narn

365 2263 408 2300 et
437 2258 531 2314 ipse
560 2274 640 2314 pro
669 2261 754 2302 hoc
783 2260 966 2316 collegio
996 2260 1055 2302 ad
1085 2261 1132 2302 P.
1165 2260 1364 2315 Magium
1394 2265 1439 2302 et
1468 2260 1528 2302 ad
1556 2274 1628 2302 me
1656 2259 1808 2301 literas
1837 2257 2024 2300 dederat
2045 2270 2055 2307 ;

365 2334 408 2370 et
430 2329 501 2371 hic
525 2331 742 2386 quamdiu
766 2330 896 2380 vixit,
921 2331 1031 2372 nihil
1052 2331 1099 2373 in
1121 2331 1273 2387 aliqua
1295 2346 1340 2373 re
1363 2345 1521 2387 passus
1543 2336 1611 2373 est
1635 2330 1798 2372 deesse.
1841 2330 1909 2371 De
1931 2328 2106 2370 cuiusao

365 2399 479 2442 felici
512 2415 566 2443 ex
599 2403 683 2444 hac
717 2401 814 2444 vita
860 2402 1070 2452 transitu,
1119 2416 1315 2458 aequum
1349 2407 1428 2453 est,
1474 2407 1525 2444 ut
1567 2401 1701 2457 paulo
1732 2400 1804 2442 hic
1838 2399 1980 2441 fusius
2013 2403 2058 2441 et

365 2469 544 2514 liberius
577 2487 776 2528 agamus.

496 2544 595 2585 Hoc
626 2558 744 2586 anno
775 2544 883 2597 1581
916 2558 1069 2586 mense
1100 2544 1232 2594 Maio,
1265 2544 1383 2586 circa
1413 2544 1580 2586 festum
1611 2544 1913 2590 Pentecostes,
1947 2540 2057 2583 cele-

369 2610 498 2654 brata
544 2613 726 2656 fuerunt
769 2614 954 2657 comitia
1000 2615 1223 2670 generalia
1270 2615 1406 2671 regni,
1458 2613 1749 2669 Claudiopoli,
1799 2612 1964 2668 quibus
2011 2615 2056 2654 01

368 2681 570 2738 princeps
585 2685 679 2740 ipse
693 2685 907 2728 interesse
924 2686 1068 2728 voluit
1086 2700 1094 2728 :
1119 2692 1232 2736 tum,
1250 2692 1301 2729 ut
1320 2686 1375 2728 de
1390 2686 1468 2728 filii
1485 2685 1552 2728 sui
1572 2685 1618 2727 in
1638 2683 1761 2739 regni
1780 2681 2107 2725 successione-35

369 2756 595 2805 tractaret,
619 2761 719 2798 tum
739 2756 890 2807 etiam,
913 2762 966 2798 ut
986 2771 1068 2799 nos
1087 2762 1334 2812 nostraque
1354 2756 1556 2799 aedificia
1576 2760 1621 2797 et
1641 2755 1815 2797 scholas
1834 2753 2054 2796 visitaret.

368 2822 427 2863 Et
454 2823 568 2866 filius
594 2826 776 2880 quidem
802 2827 896 2870 eius
913 2830 930 2855 ⁹
960 2827 1080 2870 intra
1105 2842 1273 2883 paucos
1299 2827 1393 2869 dies
1418 2826 1540 2882 regni
1566 2838 1792 2868 successor
1817 2829 1883 2867 est
1911 2824 2056 2866 decla-

368 2897 505 2941 ratus,
531 2898 757 2939 communi
780 2898 999 2940 nobilium
1022 2913 1239 2941 consensu
1261 2912 1268 2939 :
1311 2912 1400 2953 quo
1438 2896 1554 2939 felici
1576 2901 1743 2939 eventu
1765 2895 2058 2938 vehementer

369 2963 655 3015 exhilaratus,
700 2968 824 3010 venit
868 2969 927 3011 ad
968 2974 1175 3011 nostrum
1218 2969 1453 3024 templum,
1499 2966 1897 3023 disputationibus,
1943 2979 2056 3021 quas

497 3063 508 3082 ⁷
539 3064 718 3100 Hibasan
748 3068 828 3101 irta
857 3068 1225 3113 megvalasztatasa
1254 3069 1394 3104 eveiil:
1432 3069 1599 3112 1569-et.
2069 3069 2106 3096 40

500 3123 512 3142 δ
540 3122 718 3170 Bathory
752 3126 908 3161 Kristof
940 3128 1161 3172 fejedelem.
1245 3126 1258 3147 ⁹
1286 3127 1319 3161 A
1346 3127 1406 3161 kis
1433 3127 1616 3172 Bathory
1648 3126 1873 3171 Zsigmond.
