2188 3535
115 207 210 253 1583
244 205 387 239 marcz.
424 209 487 253 15]
885 207 959 241 No.
990 207 1036 240 88
1738 208 1809 249 265

113 339 203 367 non
236 323 411 366 invenit
446 324 596 379 plures
631 338 771 380 quam
806 329 910 374 tres,
947 323 1025 380 qui
1060 323 1228 366 vellent
1264 321 1496 373 confiteri;
1533 337 1637 365 cum
1672 327 1810 365 antea

113 409 193 450 ego
239 394 286 436 in
331 409 422 436 uno
465 394 557 437 solo
601 394 672 436 die
713 395 864 450 plures
908 408 963 448 30
1005 394 1269 437 audiverim.
1315 394 1444 436 Idem
1472 393 1535 435 1111
1577 393 1808 448 continget

113 466 159 507 in
185 469 383 521 pascate.
420 465 549 520 Quia,
580 470 632 506 ut
660 465 767 514 dixi,
797 466 856 508 ob
884 466 1126 521 superbam
1152 465 1277 507 illam
1304 469 1349 507 et
1377 464 1603 506 crudelem
1629 463 1808 519 imperi-

114 535 336 578 tationem
366 550 552 578 exosum
582 550 627 578 se
647 536 844 578 reddidit
867 536 1090 579 omnibus.
1126 537 1222 592 Ego
1243 535 1479 578 infamiam
1500 535 1637 584 illam,
1671 549 1811 591 quam

66 617 83 644 5
114 606 356 662 acquisivit
382 621 438 648 ex
462 606 549 648 isto
577 620 657 649 suo
682 606 845 656 officio,
870 622 962 649 non
987 607 1237 662 acciperem
1261 620 1342 662 pro
1368 611 1469 648 tota
1493 605 1681 648 civitate
1705 605 1806 647 ista.

121 678 268 733 Quare
291 676 529 719 consilium
552 691 705 720 meum
728 683 810 727 est,
834 682 887 719 ut
911 678 969 720 ab
992 683 1186 733 utroque
1209 677 1357 719 officio
1380 676 1595 719 liberetur
1617 681 1662 718 et
1686 690 1809 718 exer-

114 752 271 790 ceatur
308 747 356 790 in
393 747 686 790 concionibus
724 753 770 791 et
808 748 934 791 iuvet
973 763 1045 790 me
1083 748 1156 790 hic
1195 747 1317 790 domi
1355 747 1401 789 in
1440 746 1811 790 administrandis

114 818 423 868 sacramentis,
465 819 537 861 vel
576 819 791 861 mittatur
828 819 1026 862 Tordam
1065 819 1137 861 vel
1175 818 1221 860 in
1259 818 1477 861 Vasarhel
1515 817 1574 860 ad
1612 817 1813 873 aliquam

114 889 420 939 residentiam,
450 903 555 932 cum
583 889 735 946 aliquo
763 890 964 933 doctiore
1000 895 1045 932 et
1072 889 1351 945 perfectiore.
1370 888 1441 930 Ibi
1468 888 1588 930 enirn
1614 888 1692 929 ubi
1719 902 1812 930 non

67 970 100 997 10
114 965 181 1002 est
198 964 348 1011 notus,
368 960 469 1016 plus
484 960 659 1003 fructus
675 966 827 1017 posset
848 961 1006 1003 facere.
1031 961 1147 1003 Cura
1166 965 1320 1002 autem
1336 964 1436 1002 tota
1452 973 1672 1014 pagorum
1690 972 1810 1001 com-

114 1030 237 1073 mitti
260 1031 444 1074 deberet
466 1032 687 1087 provisori
719 1036 887 1081 nostro,
926 1031 1004 1087 qui
1025 1031 1072 1073 in
1094 1032 1327 1073 Monostor
1348 1029 1526 1078 residet,
1561 1034 1720 1085 estque
1742 1028 1812 1071 vir

114 1103 260 1144 bonus
307 1107 352 1144 et
396 1102 553 1151 fidelis,
602 1117 654 1145 ea
699 1102 970 1152 conditione,
1018 1107 1070 1143 ut
1115 1116 1265 1143 rerum
1296 1100 1500 1143 omnium
1531 1099 1706 1147 rectori,
1741 1099 1813 1141 vel

116 1187 252 1229 quem
283 1172 357 1216 ille
388 1173 700 1222 constitueret,
734 1173 958 1216 rationem
1000 1172 1234 1222 redderet;
1281 1175 1326 1213 et
1357 1171 1419 1212 sic
1449 1174 1675 1212 cessarent
1706 1184 1812 1225 que-

116 1243 234 1286 relae
264 1247 309 1286 et
340 1258 432 1287 non
460 1243 685 1286 orirentur
719 1258 745 1286 a
779 1244 945 1286 nostris
979 1248 1050 1285 tot
1084 1242 1413 1298 impedimenta
1448 1239 1696 1296 Evangelii.

70 1324 103 1351 15
244 1314 425 1357 Tertius
448 1315 611 1357 modus
633 1314 821 1357 iuvandi
844 1319 926 1363 est,
951 1319 1004 1356 ut
1027 1313 1074 1355 in
1097 1315 1331 1356 Monostor
1352 1315 1631 1354 statueretur
1654 1311 1816 1352 domus

117 1384 427 1441 probationis:
474 1387 518 1427 1⁰
558 1390 743 1441 propter
783 1384 1139 1428 consolationem
1179 1382 1618 1430 Monostoriensium,
1660 1386 1712 1422 ut
1753 1380 1815 1422 ibi

117 1455 291 1511 possint
318 1456 445 1498 festis
473 1456 631 1498 diebus
660 1456 816 1498 audire
843 1470 1021 1498 sacrum
1048 1460 1092 1497 et
1120 1454 1381 1497 concionem
1401 1467 1410 1504 ;
1440 1455 1486 1496 2⁰
1511 1467 1566 1495 ne
1593 1452 1817 1507 templum

116 1526 228 1569 illud
256 1526 389 1582 plane
419 1527 726 1577 desolaretur;
758 1529 805 1580 3⁰
834 1526 941 1582 quia
969 1526 1089 1567 illinc
1119 1540 1188 1567 res
1217 1539 1298 1581 pro
1328 1523 1512 1579 collegio
1541 1522 1818 1565 necessariae

117 1597 291 1640 facilius
334 1602 519 1654 possent
563 1597 822 1653 praeparari
866 1602 910 1639 et
955 1595 1250 1652 suppeditari.
1296 1595 1385 1638 Sed
1427 1594 1547 1637 dices
1588 1593 1668 1635 ubi
1711 1597 1817 1635 sunt

69 1667 283 1710 mnovicii
305 1668 490 1724 Ungari.
519 1669 648 1711 Certe
674 1668 710 1711 si
735 1682 882 1710 mores
906 1667 1092 1710 rectoris
1117 1681 1208 1709 non
1233 1665 1530 1714 obstitissent,
1558 1664 1817 1706 habuissem

117 1753 198 1794 ego
229 1738 424 1782 triennio
456 1739 606 1796 plures
638 1753 777 1795 quam
811 1749 862 1792 15
895 1738 1090 1794 insignes
1122 1737 1429 1780 adolescentes
1461 1750 1541 1792 pro
1575 1735 1812 1777 Societate.

119 1809 208 1852 Sed
237 1809 345 1866 quia
374 1810 589 1853 videbam
618 1809 665 1852 in
696 1814 829 1852 tanta
859 1809 1121 1852 confusione
1151 1823 1301 1851 rerum
1332 1822 1423 1849 non
1453 1810 1820 1863 perseveraturos

118 1894 220 1924 eos:
252 1880 377 1923 nolui
404 1895 479 1923 eos
506 1895 676 1936 urgere,
707 1880 824 1923 sicut
852 1879 1131 1936 experientia
1159 1878 1327 1921 docuit.
1359 1879 1479 1920 Nam
1506 1877 1596 1919 duo
1624 1876 1819 1931 insignes

118 1951 287 2007 recepti
334 1956 477 2000 erant,
527 1951 606 1994 sed
652 1966 743 1993 non
790 1956 1150 2007 perseverarunt,
1199 1950 1258 1992 ob
1306 1949 1548 1991 dissolutos
1595 1946 1818 2003 quosdam

69 2031 104 2058 25
119 2021 282 2066 fratres
314 2022 535 2065 Polonos:
571 2022 649 2077 qui
681 2026 840 2077 postea
871 2021 1034 2077 egressi
1065 2026 1172 2063 sunt
1204 2034 1368 2075 magno
1400 2019 1612 2061 scandalo
1644 2022 1812 2059 nostro.

122 2093 270 2135 Immo
299 2107 417 2135 unus
447 2092 633 2148 insignis
664 2097 709 2134 et
740 2092 841 2148 pius
870 2091 1059 2140 iuvenis,
1093 2091 1184 2133 iam
1215 2090 1421 2133 sacerdos
1452 2094 1496 2131 et
1528 2088 1820 2130 concionator

121 2164 331 2219 Ungarus
363 2163 505 2206 dixit:
547 2164 642 2219 Ego
675 2177 855 2219 quoque
887 2162 1104 2204 intrarem
1136 2161 1182 2203 in
1214 2165 1413 2203 vestram
1454 2158 1740 2206 Societatem,
1782 2156 1820 2198 si

120 2234 323 2290 superior
352 2239 505 2276 vester
535 2249 626 2276 non
656 2238 772 2275 esset
804 2233 1013 2276 Polonus.
1047 2233 1108 2274 Et
1139 2231 1349 2286 deinceps
1379 2230 1415 2272 si
1444 2229 1516 2271 ille
1546 2227 1816 2276 mutabitur,

120 2319 211 2347 non
244 2305 420 2354 dubito,
456 2305 566 2361 quin
605 2304 734 2346 brevi
773 2318 818 2345 se
858 2303 997 2359 aliqui
1035 2302 1166 2344 nobis
1205 2301 1481 2356 adiungent;
1524 2313 1637 2355 quos
1677 2297 1817 2340 satius

72 2384 107 2411 30
121 2380 238 2418 esset
269 2376 342 2418 hic
374 2375 498 2418 domi
529 2374 670 2431 gratis
701 2374 818 2417 alere
850 2373 895 2415 in
927 2374 1173 2421 Monostor,
1209 2386 1347 2427 quam
1380 2375 1561 2412 tantam
1592 2382 1819 2411 summam

121 2446 338 2502 pecuniae
377 2446 560 2489 mittere
601 2445 785 2501 singulis
825 2443 954 2487 annis
993 2443 1134 2499 gratis
1174 2443 1551 2497 Braunspergam.
1596 2440 1657 2481 Et
1697 2440 1821 2481 Deus

122 2516 206 2559 scit
230 2531 289 2560 an
311 2532 363 2560 eo
387 2516 526 2573 aliqui
550 2531 606 2559 ex
629 2515 822 2572 Ungaris
860 2515 1027 2557 vellent
1059 2513 1122 2556 ire
1153 2526 1292 2555 necne
1316 2516 1361 2554 et
1385 2525 1443 2554 an
1466 2514 1819 2567 perseverarent,

123 2587 195 2630 vel
229 2601 337 2630 sane
372 2588 533 2630 durare
569 2591 766 2643 possent.

242 2659 444 2714 Quartus
456 2658 618 2701 modus
632 2662 713 2706 est,
727 2662 779 2699 ut
793 2656 996 2699 meliores
1010 2659 1055 2697 et
1068 2654 1319 2697 stabiliores
1330 2666 1547 2709 personae
1560 2651 1820 2699 mittantur,

75 2737 110 2765 35
125 2741 265 2784 quam
292 2728 384 2771 sint
410 2730 632 2772 hactenus
659 2728 834 2771 missae.
864 2728 984 2769 Nam
1011 2740 1067 2768 ex
1095 2724 1281 2768 Polonia
1307 2738 1399 2766 non
1424 2722 1668 2765 habuimus
1695 2735 1822 2777 prae-

125 2799 391 2842 cedentibus
417 2800 595 2843 duobus
621 2799 751 2842 annis
776 2797 862 2840 nisi
887 2801 1104 2845 tentatos,
1134 2795 1301 2837 fractos
1327 2799 1372 2837 et
1399 2794 1580 2842 debiles,
1609 2792 1687 2848 qui
1713 2791 1821 2848 ipsis

126 2875 255 2912 erant
274 2870 398 2913 oneri
416 2875 461 2913 et
479 2870 674 2912 inutiles.
697 2869 848 2912 Primo
868 2882 986 2910 anno
1006 2867 1096 2909 duo
1115 2870 1195 2909 aut
1214 2870 1306 2907 tres
1324 2869 1430 2907 sunt
1449 2879 1505 2906 ex
1523 2863 1608 2905 illis
1626 2862 1789 2918 egressi
1810 2875 1819 2912 ;

126 2941 322 2983 secundo
347 2955 478 2991 unus,
506 2941 584 2997 qui
610 2940 788 2983 furatus
813 2944 910 2982 erat
937 2942 1086 2980 vestes
1111 2941 1157 2979 et
1183 2950 1311 2978 arma
1336 2935 1655 2982 studiosorum,
1684 2947 1820 2988 quem

127 3011 339 3053 haeretici
361 3011 597 3068 diligenter
617 3010 920 3068 quaesierunt,
944 3013 996 3051 ut
1025 3008 1071 3050 in
1102 3005 1396 3063 ignominiam
1417 3010 1622 3047 nostram
1643 3002 1823 3058 publice

78 3082 465 3137 wsuspenderent.
507 3083 606 3124 Hoc
645 3096 764 3124 anno
802 3080 941 3123 etiam
979 3078 1157 3127 ianitor,
1198 3077 1276 3133 qui
1313 3076 1449 3118 modo
1485 3075 1626 3117 habet
1665 3087 1821 3115 curam

129 3151 365 3202 refectorii,
392 3157 518 3195 veste
543 3151 759 3195 saeculari
784 3156 923 3193 noctu
947 3150 1135 3192 indutus
1159 3147 1301 3191 exivit
1327 3147 1386 3189 ad
1410 3145 1642 3202 quandam
1667 3143 1823 3186 mulie-
