2188 3535
347 213 420 240 212
1114 197 1189 232 No.
1214 207 1257 242 71
1733 196 1848 241 [1582
1881 195 1979 231 febr.
2017 206 2033 241 5

347 320 479 363 editis
518 318 794 376 generalibus
835 315 905 358 vel
945 313 1212 370 specialibus
1253 313 1660 358 constitutionibus
1702 319 1747 359 et
1791 313 2036 358 ordinatio-

346 390 478 433 nibus
509 386 775 445 apostolicis,
808 383 1084 440 caeterisque
1113 384 1350 428 contrariis
1379 385 1742 443 quibuscunque.

477 461 648 502 Datum
673 459 845 499 Romae
869 454 992 510 apud
1011 456 1230 498 Sanctum
1255 457 1455 506 Petrum,
1482 456 1567 499 sub
1591 457 1760 499 annulo
1785 455 2035 513 piscatoris,

346 529 417 572 die
446 539 512 582 25.
544 525 748 582 Januarii
779 525 902 579 1582.
935 524 1236 569 Pontificatus
1263 527 1408 570 nostri
1437 541 1561 570 anno
1590 528 1778 570 decimo.

345 630 395 672 (A
428 625 908 671 Hevenesi-gyfijtemeny
940 625 1027 659 mar
1070 636 1162 660 nem
1204 627 1333 662 letezo
1367 628 1413 662 V.
1449 628 1589 662 kotete
1631 638 1711 672 177.
1747 627 1918 673 lapjarol
1950 631 2039 662 vett
2069 645 2086 673 5

393 686 576 723 masolat.
606 686 658 719 M.
689 685 738 719 N.
770 685 955 720 Muzeum
991 687 1097 720 1280.
1136 685 1276 731 Quart.
1307 687 1398 722 Lat.
1435 698 1490 722 11.
1522 688 1661 722 kotete
1698 697 1869 722 210--21
1882 698 1912 722 1.
1944 687 1987 730 1.)

1155 804 1226 848 71.

862 902 1015 952 R6ma,
1050 904 1163 958 1582
1193 903 1442 958 februdrius
1472 915 1513 959 5.

340 1007 464 1046 XIII.
497 1006 674 1058 Gergely
703 1007 813 1058 papa
843 1011 963 1047 motu
994 1007 1345 1060 proprio-bullaja
1374 1022 1398 1047 a
1428 1009 1664 1049 kolozsvari
1693 1009 2040 1060 jezsuita-szemi-

581 1066 747 1106 narium
775 1067 931 1105 reszere
965 1066 1071 1118 igert
1108 1079 1212 1108 1200
1246 1068 1443 1120 talle'rnyi
1478 1069 1545 1108 evi
1577 1068 1795 1120 segelyrol.
2053 1094 2087 1121 10

473 1163 709 1220 Gregorius
752 1164 987 1221 episcopus
1030 1179 1186 1208 servus
1228 1180 1465 1210 servorum
1512 1167 1609 1210 Dei.
1656 1167 1730 1211 Ad
1772 1170 2039 1223 perpetuam

346 1234 408 1277 rei
437 1235 713 1278 memoriam.
746 1235 800 1277 In
828 1235 1054 1278 Dominici
1081 1237 1367 1293 agricultura,
1392 1237 1464 1280 cui
1485 1252 1567 1281 nos
1595 1238 1802 1282 coelestis
1830 1237 2036 1294 agricola,

344 1306 515 1348 viribus
556 1306 658 1348 licet
700 1306 906 1362 impares,
946 1308 1220 1364 praeposuit,
1256 1309 1404 1352 varios
1446 1309 1625 1352 labores
1670 1309 1794 1353 omni
1836 1313 2039 1365 tempore

341 1377 563 1432 suscipere
609 1377 820 1433 cogimur,
869 1383 921 1420 ut
969 1379 1058 1421 alia
1102 1393 1223 1422 nova
1267 1380 1471 1436 germina
1517 1385 1818 1423 conserantur
1862 1379 2039 1436 aliaque

340 1462 628 1491 conseramus
650 1453 804 1491 tenera
827 1449 975 1491 adhuc
997 1454 1042 1492 et
1064 1450 1196 1493 firma
1218 1451 1358 1507 septis
1380 1451 1660 1501 muniantur,
1687 1451 1775 1494 alia
1797 1449 2035 1507 plantaria,
2053 1473 2086 1500 15

339 1533 455 1574 quae
486 1533 721 1575 generosos
753 1519 926 1562 fructus
959 1521 1285 1576 producebant,
1322 1522 1591 1565 calamitate
1628 1522 1803 1565 deiecta
1837 1535 1889 1564 ac
1925 1536 2038 1578 pene

338 1590 554 1634 radicitus
573 1590 799 1646 extirpata
815 1591 1139 1641 instaurentur,
1164 1607 1358 1649 quorum
1377 1593 1529 1649 aliqua
1549 1594 1822 1636 concedente
1842 1592 2037 1636 Domino

339 1662 431 1704 iam
463 1676 673 1718 peragere
705 1662 857 1704 conati
892 1677 1062 1705 sumus.
1099 1664 1389 1706 Postremum
1429 1679 1535 1707 vero
1572 1664 1619 1706 in
1651 1664 1864 1721 Ungaria,
1898 1663 2038 1706 nobili

339 1732 586 1789 provincia,
638 1733 850 1789 religiosis
902 1734 1135 1790 quondam
1187 1735 1296 1777 viris
1346 1734 1393 1777 in
1444 1735 1691 1791 sedemque
1742 1734 2038 1791 apostolicam

339 1818 518 1846 summa
562 1804 801 1847 devotione
845 1805 1078 1861 propensis
1119 1806 1299 1856 referta,
1334 1820 1454 1848 nunc
1503 1820 1610 1849 vero
1654 1806 1713 1849 ab
1757 1804 2038 1849 atrocissimo
2052 1828 2086 1856 20

338 1875 587 1917 Turcarum
613 1880 808 1932 tyranno
836 1890 1002 1932 magna
1027 1890 1082 1918 ex
1109 1882 1239 1932 parte
1265 1891 1481 1933 oppressa
1507 1876 1910 1934 compluribusque
1934 1877 2038 1919 hae-

337 1947 504 1988 resium
546 1947 766 1989 erroribus
798 1946 928 2003 quasi
959 1947 1183 2003 nequibus
1214 1949 1439 1991 suffocata
1470 1947 1635 1998 facere,
1670 1948 1824 2004 ibique
1855 1947 2039 2004 pietatis

337 2016 384 2058 in
408 2016 589 2072 piorum
613 2032 802 2060 avorum
826 2018 1050 2075 reliquias,
1077 2024 1304 2074 quantum
1320 2019 1367 2062 in
1383 2019 1512 2062 nobis
1537 2023 1619 2070 est,
1650 2019 1866 2062 suscitare
1890 2018 2038 2066 decre-

338 2087 506 2137 vimus,
546 2088 727 2145 eiusque
765 2089 827 2132 rei
863 2104 998 2132 causa
1032 2091 1091 2133 ad
1118 2091 1474 2147 Transylvaniae
1511 2092 1796 2149 provinciam
1832 2095 1879 2139 in
1914 2093 2038 2151 regni

339 2159 566 2214 Ungariae
607 2160 857 2203 meditullio
898 2162 1097 2217 positam
1138 2161 1369 2207 doctrinae
1411 2164 1687 2209 christianae
1719 2167 1900 2224 pabulo,
1933 2181 2038 2210 cum
2051 2182 2086 2210 25

340 2235 523 2285 propter
548 2230 658 2273 alias
684 2232 897 2281 miserias,
936 2238 1037 2276 tum
1062 2233 1260 2279 maxime
1282 2243 1469 2295 propter
1494 2235 1810 2282 ministrorum
1835 2238 2038 2282 christia·

338 2314 421 2342 nae
457 2300 683 2357 religionis
718 2302 918 2358 inopiam
953 2308 1282 2362 propemodum
1316 2314 1565 2366 expertem,
1592 2310 1796 2353 animum
1830 2314 2037 2354 nostrum

337 2376 650 2416 convertentes
684 2388 764 2416 nec
795 2374 929 2418 inscii
960 2377 1121 2433 quanti
1152 2377 1198 2421 in
1229 2379 1362 2423 vinea
1393 2382 1583 2424 Domini
1614 2379 1788 2425 fructus
1818 2397 1874 2425 ex
1904 2381 2037 2424 dilec-

339 2446 490 2484 torum
529 2443 735 2494 filiorum,
777 2448 1180 2504 praesbyterorum
1219 2455 1264 2493 et
1303 2451 1611 2508 religiosorum
1650 2452 1888 2496 Societatis
1925 2453 2036 2508 Jesu

341 2512 563 2556 indefessa
595 2530 731 2571 opera
763 2523 901 2576 atque
936 2520 1159 2564 industria
1190 2536 1519 2580 usquequaque
1550 2523 1837 2580 proveniant,
1872 2524 2036 2568 delibe-
2048 2537 2084 2565 30

342 2583 542 2627 ravimus
570 2585 616 2628 in
644 2586 742 2642 ipsa
770 2604 951 2647 quoque
979 2592 1335 2648 Transylvaniae
1364 2594 1598 2650 provincia
1626 2608 1771 2637 unum
1799 2595 2035 2651 collegium

340 2653 399 2695 ad
420 2653 494 2708 pia
525 2661 568 2697 et
604 2659 801 2703 salubria
819 2661 1073 2704 iuventutis
1092 2663 1209 2706 illius
1229 2665 1443 2708 exercitia
1463 2666 1611 2708 dictae
1636 2664 1874 2708 Societatis
1893 2666 2035 2708 ductu

345 2724 628 2777 constituere,
653 2730 793 2786 eique,
818 2732 961 2774 donec
983 2733 1115 2776 certis
1137 2734 1388 2778 redditibus
1410 2735 1682 2784 stabiliatur,
1713 2739 1893 2779 statuto
1921 2736 2034 2780 inte-

341 2793 427 2836 rim
470 2804 691 2850 proventu
734 2816 884 2845 annuo
927 2803 1178 2847 subvenire.
1225 2806 1354 2848 Motu
1397 2806 1534 2862 igitur
1578 2805 1775 2861 proprio,
1820 2811 2033 2864 certaque

340 2865 528 2908 scientia
555 2874 708 2913 nostra
735 2872 781 2914 in
809 2873 995 2916 civitate
1025 2874 1364 2925 Colosvariensi,
1396 2891 1513 2933 quae
1544 2876 1665 2919 inter
1693 2876 1804 2919 alias
1833 2877 2033 2921 eiusdem
2046 2889 2082 2918 35

341 2936 694 2991 Transylvaniae
721 2942 930 2986 civitates
952 2949 1091 3000 caput
1113 2945 1281 2995 existit,
1311 2961 1454 2990 unum
1481 2946 1720 3001 collegium
1747 2949 2034 2991 seminarium

341 3007 673 3061 appellandum,
711 3011 755 3053 in
790 3028 879 3068 quo
914 3014 1100 3057 iuvenes
1135 3016 1360 3059 scholares
1396 3017 1567 3073 Ungari
1601 3016 1742 3073 ipsius
1775 3018 2033 3074 provinciae

342 3077 480 3119 fidem
512 3079 793 3131 catholicam,
830 3085 1083 3128 doctrinam
1116 3086 1422 3139 christianam,
1456 3088 1688 3144 bonasque
1723 3087 1875 3131 literas
1913 3103 2033 3132 com-

342 3146 504 3189 bibant
533 3149 804 3207 optimisque
835 3155 1049 3205 moribus,
1082 3171 1137 3199 ex
1166 3157 1411 3214 disciplinis
1438 3158 1736 3208 instruantur,
1760 3158 1870 3203 alias
1891 3159 2034 3203 instar
