2188 3535
375 205 446 238 300
1139 191 1212 225 No.
1243 201 1288 236 95
1762 191 1878 236 [1583
1911 201 2000 236 aug.
2038 202 2052 227 1

373 312 579 354 ecclesiae
620 309 769 353 Sancti
811 307 1026 363 Stephani
1065 321 1116 349 ac
1157 308 1318 349 domus
1353 306 1415 348 illi
1447 307 1698 363 contiguae,
1732 322 1906 351 necnon
1937 309 2058 351 horti

372 382 625 437 iuriumque
667 385 710 421 et
752 377 1126 434 pertinentiarum
1168 391 1352 419 suorum
1394 377 1707 420 universorum
1748 379 2057 434 praefatorum

372 452 507 494 libere
542 448 873 505 apprehendere
909 452 953 489 et
989 452 1208 503 perpetuo
1244 448 1436 490 retinere
1471 462 1548 490 seu
1584 448 1675 491 iam
1711 448 1862 492 forsan
1897 463 2056 506 appre-

371 522 554 563 hensam
577 519 850 566 continuare,
887 517 1074 573 illasque
1095 522 1334 574 tamquam
1354 533 1424 561 res
1444 518 1583 574 ipsius
1605 519 1843 563 Societatis
1863 520 1909 562 in
1931 520 2056 576 spiri-

371 591 568 632 tualibus
606 593 649 630 et
689 587 1013 643 temporalibus
1051 602 1205 631 eorum
1243 589 1430 631 arbitrio
1468 594 1633 639 tenere,
1673 590 1851 640 habere,
1891 605 2053 647 regere,
2089 603 2109 632 5

367 661 613 715 gubernare
651 663 695 700 et
734 658 1050 701 administrare
1087 673 1139 701 ac
1177 659 1248 701 cui
1287 674 1364 702 seu
1402 660 1567 716 quibus
1604 660 1835 704 videbitur
1871 662 2056 706 hortum

368 729 620 786 praefatum
649 729 807 777 locare,
838 728 1066 778 dislocare,
1097 744 1177 772 nec
1198 745 1289 773 non
1317 730 1411 773 eius
1433 735 1478 773 et
1501 731 1648 774 dictae
1677 732 1838 775 domus
1866 732 2054 783 fructus,

367 800 536 842 reditus
580 805 624 841 et
670 804 919 854 proventus
946 800 992 842 in
1020 799 1160 855 ipsius
1188 801 1359 857 collegii
1386 816 1494 844 usus
1522 806 1567 844 et
1595 802 1843 846 utilitatem
1872 818 2055 846 conver-

366 878 470 913 tere.
497 871 760 913 Dioecesani
784 870 883 918 loci,
914 872 986 913 vel
1019 872 1218 914 cuiusvis
1239 872 1425 916 alterius
1457 872 1639 916 licentia
1665 875 1857 930 desuper
1877 875 2056 918 nemine

365 940 580 996 requisita
605 940 772 982 eisdem
796 941 1070 984 auctoritate
1095 946 1140 984 et
1165 947 1321 985 tenore
1345 943 1484 986 etiam
1508 948 1728 1000 perpetuo
1752 944 2052 995 concedimus,
2070 957 2108 986 ιο

365 1011 657 1067 assignamus,
689 1011 969 1067 applicamus
998 1017 1043 1054 et
1073 1013 1420 1069 appropriamus
1450 1028 1502 1057 ac
1531 1015 1763 1058 ecclesiam
1792 1020 1837 1058 et
1868 1016 2054 1059 domum

364 1096 625 1138 suppressas
651 1087 695 1124 et
723 1082 960 1132 extinctas,
985 1098 1067 1125 nec
1088 1098 1179 1127 non
1205 1085 1390 1128 hortum
1416 1085 1645 1141 praefatos
1665 1087 1723 1128 ab
1743 1087 1902 1130 eadem
1928 1101 2055 1143 prae-

364 1153 567 1209 positura
590 1153 965 1196 dismernbratum
989 1168 1042 1196 ac
1065 1160 1327 1211 separatum
1351 1160 1395 1198 et
1420 1161 1517 1199 tam
1540 1156 1677 1206 illam,
1703 1171 1843 1213 quam
1867 1158 2054 1200 domum

363 1224 621 1279 praefatum
662 1224 874 1266 Societati
913 1225 1171 1280 praedictae
1210 1241 1456 1276 concessos,
1497 1227 1762 1283 assignatos,
1803 1228 2054 1284 applicatos

364 1300 408 1336 et
448 1294 763 1350 appropriatos
801 1309 906 1338 esse.
949 1296 1134 1339 Necnon
1173 1297 1547 1353 suppressionem,
1588 1298 1926 1349 extinctionem,
1967 1299 2105 1342 dis-15

365 1365 755 1415 membrationem‚
781 1366 1125 1422 separationem,
1151 1368 1496 1418 concessionem,
1522 1369 1886 1426 assignationem,
1912 1371 2054 1426 appli-

366 1436 590 1478 cationem
626 1442 670 1478 et
706 1437 1136 1493 appriopriationem
1172 1439 1349 1496 aliaque
1384 1440 1630 1496 praemissa
1665 1455 1717 1483 ac
1752 1441 1892 1484 etiarn
1927 1456 2053 1498 prae-

363 1512 512 1549 sentes
547 1507 698 1549 literas
732 1508 855 1550 nullo
890 1523 1093 1565 unquam
1129 1514 1345 1566 tempore,
1384 1510 1491 1566 quia
1526 1511 1775 1567 superiores
1810 1512 1972 1555 domus
2007 1517 2053 1555 et

363 1578 535 1620 ordinis
556 1578 746 1621 fratrum
767 1579 1131 1635 praedicatorum
1159 1581 1417 1624 huiusmodi
1438 1596 1490 1624 ac
1512 1582 1548 1624 si
1569 1582 1669 1638 quis
1690 1582 1747 1625 sit
1769 1583 2053 1639 praepositus

363 1648 511 1690 dictae
574 1649 909 1705 praepositurae
967 1651 1174 1694 Albensis
1227 1652 1391 1708 aliique
1442 1653 1781 1709 quomodolibet
1840 1654 2102 1697 interesse2o

362 1720 585 1762 habentes
622 1721 679 1762 ad
716 1721 799 1763 hoc
836 1722 988 1764 vocati
1025 1737 1116 1765 non
1153 1723 1333 1773 fuerint,
1373 1738 1451 1766 seu
1489 1724 1649 1780 quovis
1686 1724 1773 1767 alio
1810 1730 2053 1781 praetextu

362 1790 625 1845 quaesitove
666 1792 810 1834 colore
851 1793 906 1835 de
946 1793 1241 1850 surreptionis
1280 1794 1352 1836 vel
1392 1795 1670 1850 obreptionis
1709 1800 1789 1838 aut
1830 1796 2053 1839 nullitatis

363 1860 474 1903 vitio
509 1875 587 1903 seu
621 1862 884 1906 intentionis
919 1869 1112 1914 nostrae,
1150 1865 1223 1907 vel
1257 1865 1419 1921 quovis
1453 1865 1541 1908 alio
1576 1866 1756 1909 defectu
1790 1866 1939 1910 notari
1974 1881 2052 1910 seu

362 1931 617 1987 impugnari
656 1939 735 1975 aut
775 1934 885 1977 alias
924 1936 1265 1991 quomodolibet
1304 1936 1486 1992 infringi
1507 1937 1579 1979 vel
1617 1937 1852 1980 retractari
1891 1952 2050 1994 posse;

363 2003 439 2044 sed
477 2003 573 2045 illas
611 2018 785 2060 semper
821 2005 996 2048 validas
1032 2011 1078 2049 et
1116 2006 1320 2050 efficaces
1357 2007 1464 2057 fore,
1515 2022 1709 2064 suosque
1745 2008 1970 2064 plenarios
2006 2013 2103 2052 et25

360 2073 558 2129 integros
602 2076 787 2118 effectus
830 2077 979 2119 sortiri
1023 2082 1067 2120 et
1111 2077 1433 2121 inviolabiliter
1476 2079 1717 2122 observari.
1764 2081 1825 2122 Et
1869 2080 1930 2122 sic
1974 2094 2053 2136 per

360 2158 654 2201 quoscunque
683 2146 852 2190 iudices
882 2152 926 2190 et
958 2148 1287 2191 commissarios
1317 2149 1480 2205 quavis
1509 2150 1783 2193 auctoritate
1813 2150 2052 2207 fungentes

359 2215 540 2257 sublata
580 2216 641 2259 eis
682 2222 726 2259 et
767 2232 922 2261 eorum
963 2219 1146 2262 cuilibet
1188 2220 1350 2276 quavis
1391 2220 1521 2263 aliter
1560 2220 1789 2263 iudicandi
1830 2226 1875 2264 et
1915 2221 2052 2264 inter-

360 2287 567 2340 pretandi
607 2287 825 2332 facultate
863 2294 908 2332 et
947 2291 1221 2333 auctoritate
1258 2291 1447 2333 iudicari
1486 2296 1531 2333 et
1569 2291 1760 2334 deviniri
1799 2292 1960 2335 debere
1998 2307 2050 2334 ac

359 2369 550 2407 exnunc,
574 2358 609 2400 si
632 2373 758 2402 secus
780 2374 914 2416 super
934 2361 1016 2411 his,
1042 2375 1069 2404 a
1090 2376 1335 2418 quoquam,
1368 2362 1530 2418 quavis
1558 2363 1832 2406 auctoritate
1861 2363 2103 2406 scienterao

360 2427 429 2468 vel
466 2428 724 2483 ignoranter
759 2431 978 2474 attentari
1016 2432 1253 2488 contigerit
1289 2432 1468 2476 irritum
1504 2438 1549 2475 et
1585 2433 1718 2476 inane
1754 2434 2046 2477 decernimus.

362 2496 619 2541 Districtius
639 2500 894 2545 inhibentes
915 2503 1077 2545 domus
1096 2508 1141 2545 et
1162 2503 1282 2545 horti
1303 2503 1606 2559 superioribus
1625 2504 1842 2560 praefatis
1860 2505 2049 2561 aliisque

362 2567 607 2621 quibusvis,
651 2571 955 2629 cuiuscunque
1012 2579 1173 2623 status,
1232 2574 1411 2630 gradus,
1469 2575 1638 2617 ordinis
1687 2580 1732 2617 et
1780 2575 2050 2618 conditionis

361 2637 572 2688 existant,
597 2655 651 2682 ne
674 2642 727 2684 de
751 2649 927 2686 caetero
959 2645 1196 2688 Claudiurn
1227 2650 1272 2687 et
1303 2659 1384 2701 pro
1414 2649 1618 2701 tempore
1649 2646 1893 2689 existentes
1923 2660 2049 2702 prae-

361 2707 560 2761 positum
601 2714 850 2765 generalem
893 2715 1092 2771 aliosque
1142 2715 1290 2758 dictae
1333 2715 1570 2758 Societatis
1624 2721 1776 2772 patres
1817 2730 1868 2758 ac
1909 2716 2100 2772 ipsiusaa

361 2778 530 2832 collegii
553 2786 769 2825 rectorem
792 2790 836 2826 et
860 2786 1108 2841 collegiales
1130 2800 1343 2842 personas
1365 2786 1533 2829 directe
1555 2787 1627 2829 vel
1648 2786 1864 2829 indirecte
1886 2787 2048 2842 quovis

362 2848 566 2902 quaesito
598 2851 741 2895 colore
772 2868 904 2910 super
933 2856 1191 2899 huiusmodi
1223 2856 1407 2899 ecclesia
1437 2871 1489 2899 ac
1520 2857 1638 2899 illius
1668 2857 1803 2899 domo
1834 2857 2048 2913 contigua

361 2922 405 2958 et
430 2919 562 2961 horto
586 2920 770 2977 aliisque
794 2926 1003 2969 omnibus
1026 2941 1180 2970 eorum
1204 2927 1376 2969 iuribus
1400 2931 1444 2969 et
1469 2927 1753 2982 pertinentiis
1776 2927 2048 2983 supradictis

361 2988 610 3039 molestare,
628 2995 889 3046 perturbare
910 3002 990 3039 aut
1012 2997 1264 3054 inquietare
1285 3002 1590 3053 praesumant.
1617 2997 1836 3053 Quocirca
1850 2999 2046 3041 Venera-

362 3057 523 3100 bilibus
555 3059 769 3105 fratribus
800 3067 975 3116 nostris,
1020 3068 1303 3124 patriarchae
1326 3067 1774 3124 Hierosolymitano2
1808 3073 1853 3111 et
1887 3070 2096 3112 Craco-4o

502 3158 514 3178 ²
542 3158 739 3195 Giovanni
765 3163 941 3200 Antonio
968 3165 1234 3208 Facchinetti,
1265 3169 1358 3211 1576
1385 3167 1467 3202 ota.
