2188 3535
104 171 196 216 1583
231 168 372 202 marcz.
412 171 474 213 18]
871 171 946 203 No.
976 170 1025 213 89
1722 182 1794 217 277

99 292 253 329 tamen
289 285 336 328 hi
373 287 610 330 necessarii
648 302 744 330 esse
781 288 1023 330 videntur:
1065 287 1326 340 Praefectus,
1367 289 1560 343 Emptor,
1601 289 1786 337 Ianitor,

99 358 248 406 Cocus,
283 357 499 412 Praefecti
530 360 687 406 socius,
724 359 801 414 qui
834 374 885 401 eo
918 359 1105 400 absente
1138 358 1343 400 alumnos
1375 359 1635 401 moderetur
1666 364 1711 401 et
1743 359 1790 401 in

98 428 244 471 officio
263 428 493 471 contineat
512 434 556 471 et
576 429 760 485 quidem
779 430 838 472 ad
855 429 1038 485 reliqua,
1057 428 1093 470 si
1109 443 1225 484 quae
1240 443 1354 485 opus
1369 430 1549 480 fuerint,
1571 430 1788 486 paranda,

98 503 177 541 aut
209 499 268 541 ad
297 498 635 542 inserviendum
665 500 732 549 iis,
766 500 844 556 qui
876 514 1057 542 mensae
1089 501 1359 542 accumbent
1395 501 1462 555 (ut
1492 501 1577 543 hac
1609 515 1789 557 quoque

50 587 67 614 5
96 569 270 612 ratione
303 570 480 612 discant
513 570 742 620 inservire,
777 576 917 627 atque
950 571 1010 612 ad
1041 570 1194 612 omnia
1226 576 1407 626 praesto
1441 572 1548 626 esse)
1587 572 1790 614 adhiberi

96 645 311 696 poterunt
344 641 543 684 vicissim
576 641 761 691 alumni,
797 641 930 684 sicuti
962 646 1007 683 et
1041 641 1101 682 ad
1132 655 1185 683 ea
1215 641 1415 697 legenda,
1449 656 1565 698 quae
1588 642 1790 684 divinam

96 711 379 767 scripturam,
406 712 618 755 historias
642 712 819 769 aliaque
843 712 919 768 pia
946 712 1072 767 (dum
1096 712 1261 754 caeteri
1285 713 1544 767 comedunt)
1573 713 1785 755 attinent.

224 783 362 824 Porro
382 783 453 825 his
474 783 686 825 omnibus
707 798 799 826 non
819 784 965 826 solum
985 782 1163 838 regulae
1185 783 1436 832 tradentur,
1461 798 1577 839 quae
1598 784 1789 826 aliorum

95 852 437 896 seminariorum
479 854 748 896 officialibus
789 854 910 896 tradi
952 853 1110 901 solent,
1155 868 1313 896 verum
1356 854 1495 896 etiam
1537 854 1788 896 curandum

49 940 83 968 10
95 923 192 973 erit,
224 928 277 965 ut
308 938 383 967 eas
414 925 549 967 statis
579 925 862 981 temporibus
892 924 1138 980 perlegant,
1172 929 1310 980 atque
1341 930 1591 980 antequam
1635 926 1694 967 ad
1738 938 1789 967 ca

95 994 244 1037 officia
271 995 591 1045 adhibeantur,
621 996 889 1052 intelligant.
922 996 1103 1037 Interea
1131 1009 1237 1037 vero
1266 995 1375 1037 dum
1403 995 1503 1037 illae
1531 995 1787 1044 mittentur,

94 1070 290 1121 exponet
306 1067 574 1122 praefectus,
593 1082 710 1123 quae
727 1067 786 1109 ad
803 1066 1019 1122 emptoris
1035 1070 1080 1107 et
1099 1070 1379 1108 caeterorum
1397 1065 1546 1108 officia
1564 1070 1786 1121 spectant,

94 1150 210 1192 quae
244 1138 429 1192 quidem
462 1152 628 1193 magna
657 1153 713 1180 ex
744 1142 874 1193 parte
903 1141 1022 1185 sunt,
1059 1136 1268 1192 qualibus
1301 1136 1347 1177 in
1381 1136 1574 1192 collegiis
1607 1136 1785 1183 nostris,

93 1207 163 1249 uti
197 1221 301 1251 curn
335 1209 556 1251 eiusmodi
589 1209 850 1252 hominibus
885 1208 1090 1250 solemus.

46 1401 81 1429 15
544 1384 794 1437 Praefectus
825 1389 862 1425 et
892 1385 1038 1439 ipsius
1071 1384 1334 1438 gubernatio.

223 1491 335 1534 Cum
358 1491 410 1541 ei,
429 1491 508 1547 qui
530 1491 627 1533 aliis
649 1491 869 1546 exemplo,
899 1496 943 1533 et
971 1490 1109 1533 animi
1135 1490 1445 1533 moderatione
1471 1504 1523 1532 ac
1549 1488 1791 1531 sedulitate

93 1561 350 1617 praelucere
396 1562 574 1612 debeat,
622 1562 952 1617 invigilandum
998 1561 1069 1610 sit,
1113 1566 1165 1603 ut
1197 1576 1243 1604 se
1275 1566 1514 1617 tamquam
1559 1559 1791 1615 speculum

93 1632 296 1675 omnium
334 1633 560 1675 virtutum
599 1633 765 1675 teneris
803 1632 901 1674 istis
940 1633 1108 1688 plantis
1147 1632 1373 1681 exhibeat,
1415 1637 1515 1673 tum
1555 1630 1792 1686 diligenter

93 1703 245 1745 omnia
259 1718 389 1746 nosse
407 1708 546 1753 curet,
565 1718 682 1760 quae
699 1703 1073 1759 gubernationem
1089 1703 1316 1745 seminarii
1335 1702 1548 1745 attinent.
1571 1701 1787 1750 Primum,

46 1778 144 1818 20ut
179 1774 448 1824 animarum,
487 1774 650 1817 deinde
685 1789 938 1830 corporum,
975 1779 1204 1830 postremo
1238 1774 1461 1816 bonorum
1495 1771 1790 1827 temporario-

91 1858 193 1887 rum
218 1845 401 1901 vigilem
427 1860 585 1888 curam
610 1846 793 1888 habeat.
824 1846 987 1901 Itaque
1014 1844 1237 1900 expediet,
1265 1849 1317 1886 ut
1345 1844 1501 1886 futura
1526 1842 1787 1899 prospiciat,

92 1915 260 1971 quidve
281 1916 372 1958 suis
394 1916 678 1972 temporibus
699 1916 1034 1971 procurandum
1064 1916 1136 1965 sit,
1160 1916 1208 1958 id
1227 1920 1280 1957 ut
1303 1915 1419 1957 effici
1441 1914 1643 1962 mandet,
1677 1913 1790 1968 ipse-

93 2000 181 2042 que
204 2001 392 2029 manum
416 1987 540 2042 operi
565 1987 824 2035 admoveat,
852 1987 1016 2042 quibus
1034 1986 1081 2028 in
1095 1987 1229 2028 rebus
1244 1986 1328 2028 erit
1345 1987 1403 2028 ab
1419 2000 1470 2028 eo
1487 1984 1787 2027 admovenda.

221 2059 285 2100 Ac
321 2058 446 2114 quod
481 2058 541 2100 ad
576 2072 636 2106 se,
675 2071 839 2113 eosque
874 2057 1132 2112 pertinebit,
1171 2057 1249 2112 qui
1285 2057 1339 2099 de
1375 2056 1599 2098 Societate
1634 2059 1790 2096 nostra

45 2145 80 2172 25
92 2142 174 2183 pro
198 2133 402 2184 tempore
425 2143 580 2171 secum
604 2129 870 2177 manebunt,
897 2127 1009 2169 sciat
1034 2142 1080 2169 se
1105 2128 1266 2169 debere
1290 2127 1336 2168 in
1360 2126 1570 2169 omnibus
1593 2124 1787 2180 pendere

93 2213 120 2241 a
158 2200 212 2241 R.
254 2200 302 2242 P.
345 2201 538 2241 Rectore
578 2198 749 2254 collegii
795 2198 1086 2254 Claudiopoli,
1128 2198 1174 2239 ni
1225 2198 1271 2239 in
1321 2197 1387 2247 iis,
1442 2210 1558 2252 quae
1608 2199 1790 2236 nostrae

94 2269 331 2312 Societatis
360 2270 627 2312 institutum
658 2269 906 2325 attingunt.

223 2342 277 2384 In
315 2341 502 2383 caeteris
540 2355 658 2388 vero,
695 2354 811 2396 quae
843 2340 1115 2395 spectabunt
1154 2339 1213 2381 ad
1249 2337 1621 2394 gubernationem
1658 2335 1789 2378 semi-

94 2411 220 2461 narii,
257 2412 445 2454 habebit
481 2411 665 2468 quidem
700 2425 800 2453 eam
835 2410 1115 2459 facultatem,
1140 2424 1256 2465 quae
1290 2407 1582 2450 observandis
1615 2406 1790 2461 legibus

47 2498 81 2525 30
94 2486 140 2524 et
162 2483 416 2525 executioni
438 2482 710 2525 mandandis
731 2496 787 2523 ex
808 2481 966 2523 iisdem
985 2480 1270 2535 intelligetur.
1288 2480 1350 2521 At
1367 2493 1474 2521 vero
1491 2482 1535 2520 et
1552 2477 1788 2520 consilium

95 2552 206 2595 dicti
241 2553 427 2596 rectoris
458 2553 623 2609 potius,
675 2567 813 2608 quarn
851 2552 1041 2593 aliorum
1078 2555 1291 2606 sequetur
1327 2554 1372 2591 et
1409 2549 1535 2591 iHum
1571 2548 1618 2590 in
1655 2548 1789 2590 rebus

95 2623 282 2667 alicuius
317 2639 409 2667 non
446 2623 683 2667 mediocris
719 2622 939 2665 momenti
975 2636 1150 2677 semper
1187 2620 1401 2663 consulet.

222 2695 461 2738 Neminem
492 2699 751 2737 nostrorum
781 2698 861 2736 aut
890 2692 1119 2741 invitabit,
1152 2696 1232 2734 aut
1262 2690 1477 2733 admittet
1507 2690 1567 2732 ad
1595 2689 1786 2732 semina-

96 2764 224 2817 rium,
256 2766 341 2808 nisi
369 2766 502 2822 plane
530 2765 715 2808 iubente
738 2766 791 2807 R.
812 2765 860 2806 P.
880 2764 1084 2813 Rectore,
1110 2762 1146 2804 si
1168 2762 1268 2818 quis
1296 2776 1378 2804 sua
1407 2766 1566 2817 sponte
1596 2760 1784 2807 venerit,

48 2836 358 2879 aeadmonebit
389 2836 582 2879 fideliter
612 2836 806 2878 eundem
836 2836 889 2877 R.
916 2835 963 2876 P.
991 2837 1243 2878 Rectorem,
1277 2833 1503 2874 Externos
1533 2831 1645 2873 item
1676 2831 1787 2872 alios

94 2907 218 2950 haud
250 2907 379 2950 facile
413 2907 629 2950 admittet
652 2907 712 2949 ad
733 2905 1035 2953 seminarium,
1067 2918 1288 2959 omneque
1309 2917 1449 2958 genus
1470 2901 1784 2944 conviviorum

96 2976 313 3033 diffugiet,
351 2982 404 3020 ut
441 2978 635 3020 fideliter
669 2977 716 3019 in
752 2990 972 3032 pauperes
1007 2974 1197 3031 pecunia
1229 2973 1532 3030 impendatur.

223 3048 420 3091 Pecunia
461 3049 560 3104 ipsa
602 3047 842 3096 seminarii,
888 3047 1028 3089 donec
1071 3045 1195 3087 aliud
1236 3048 1480 3093 statuatur,
1514 3043 1561 3085 in
1603 3041 1786 3096 collegio

95 3118 218 3173 apud
234 3119 287 3161 R.
307 3120 354 3161 P.
375 3121 616 3162 Rectorem
633 3117 836 3161 manebit
859 3131 911 3159 ea
931 3117 977 3158 in
998 3116 1124 3165 cista,
1148 3129 1286 3179 quam
1307 3118 1546 3170 propterea
1566 3112 1783 3168 relinquo.
