2188 3535
146 197 239 242 1583
263 194 405 229 marez.
430 197 471 240 6]
912 194 986 229 No.
1017 197 1066 232 86
1763 202 1838 239 259

139 315 298 356 itinere
319 311 551 368 accipiam.
574 312 821 368 Exemplar
841 312 960 355 enim
982 328 1035 356 ea
1055 313 1101 355 in
1123 327 1223 356 arce
1244 317 1325 362 est,
1350 326 1466 368 quae
1487 311 1606 354 inter
1627 310 1836 354 Claudio-

140 385 278 441 polim
297 388 342 426 et
360 382 642 425 Varadinum
675 388 852 439 spectat
882 383 941 425 ad
973 384 1108 426 Illmum
1126 385 1181 426 D.
1204 384 1486 439 Stephanum
1516 383 1838 431 Bathoreum‚9

139 455 216 512 qui
237 456 326 497 huc
348 453 560 502 excurrit,
596 458 648 495 ut
684 453 852 509 Regiae
875 448 959 495 Mtis
981 469 1033 498 ea
1055 455 1110 497 de
1132 469 1178 496 re
1199 454 1352 496 literas
1374 453 1610 509 acciperet,
1634 452 1837 509 mihique

138 540 220 568 sua
247 525 442 568 fidenter
469 523 611 567 animi
641 537 771 567 sensa
800 530 1058 580 exponeret.
1097 525 1222 581 Quae
1251 524 1470 567 eiusmodi
1499 528 1618 573 sunt,
1649 528 1702 565 ut
1732 537 1836 566 cum

89 610 106 637 5
137 596 333 653 primum
365 594 547 651 Leopoli
569 594 642 636 Vra
674 594 888 637 Maiestas
919 595 1068 646 fuerit,
1103 609 1154 638 eo
1186 595 1382 644 advolet,
1412 594 1556 637 otium
1582 595 1668 637 hoc
1695 594 1835 636 Tran-

136 666 418 722 sylvanicum
451 670 689 721 pertaesus
733 670 778 708 et
822 665 989 708 auditis
1037 665 1134 708 aliis
1177 666 1310 708 rebus
1356 664 1557 708 nonnihil
1605 663 1838 707 incitatior

135 737 284 780 factus
302 737 361 780 ad
383 737 520 779 decus
544 741 589 779 et
616 736 676 779 ad
699 735 958 791 religionem
975 736 1257 785 catholicam,
1280 736 1335 778 de
1358 750 1449 792 qua
1471 740 1516 777 et
1539 735 1675 777 libros
1699 735 1757 777 ab
1781 749 1834 777 eo

134 807 344 863 legendos
366 807 405 849 ei
427 807 577 857 attuli,
604 806 797 849 alacrius
820 807 1169 850 retinendam.10
1208 806 1340 862 Quod
1364 806 1525 862 ipsum,
1561 810 1613 847 ut
1637 806 1737 848 Vrae
1763 800 1835 847 Mti

140 878 305 934 Regiae
329 892 462 920 curae
483 877 555 928 sit,
580 891 774 934 eumque
799 882 1037 934 propterea
1065 877 1328 934 aliquandiu
1356 881 1530 925 avocet,
1561 875 1825 932 praesertim

87 963 122 990 10
135 949 379 1005 Leopolim‚
434 948 513 991 ubi
552 949 682 991 floret
724 948 1063 991 catholicismus
1103 948 1359 991 iustissimis
1399 947 1454 989 de
1494 946 1638 989 causis
1678 946 1828 1002 cupio.

135 1020 314 1062 Interea
346 1034 453 1062 vero
486 1019 734 1075 patefaciet
769 1019 970 1075 aliquam
1004 1019 1248 1062 fenestram
1281 1020 1404 1061 Deus
1437 1017 1497 1060 ad
1528 1016 1749 1072 pietatem
1784 1021 1830 1059 et

132 1091 361 1146 praeclara
383 1090 583 1133 facinora
607 1104 634 1132 a
657 1095 794 1132 tanto
820 1090 1103 1132 adolescente
1127 1089 1367 1146 patranda,
1394 1087 1488 1130 sive
1512 1087 1548 1128 is
1571 1087 1618 1129 in
1643 1086 1830 1129 Italiam

132 1166 268 1217 capta
287 1161 519 1204 occasione
540 1161 774 1216 allegetur,
811 1160 904 1203 sive
933 1159 1020 1202 alia
1040 1165 1221 1211 tractet,
1249 1159 1369 1201 unde
1389 1157 1540 1200 avitae
1561 1157 1689 1199 dotes
1711 1157 1830 1198 Inmae

131 1231 327 1274 familiae
357 1246 463 1274 suae
493 1231 540 1273 in
572 1245 623 1274 eo
655 1231 917 1273 excitentur
946 1230 1192 1273 ardentius.

84 1316 118 1344 15
262 1302 334 1344 Ad
358 1302 469 1344 istos
494 1316 602 1345 vero
629 1307 874 1352 senatores,
895 1301 1018 1357 quod
1040 1301 1235 1357 pertinet
1262 1299 1445 1356 quando
1470 1302 1638 1354 putant
1664 1311 1719 1339 ex
1746 1297 1830 1339 cle-

130 1372 314 1422 mentia,
356 1387 447 1429 qua
484 1387 558 1415 me
597 1372 741 1427 Regia
781 1371 995 1414 Maiestas
1033 1371 1332 1428 prosequitur,
1373 1368 1577 1412 nonnihil
1615 1367 1827 1424 ponderis

129 1444 262 1486 hasce
290 1443 443 1486 literas
472 1457 596 1486 meas
624 1443 879 1491 habituras,
911 1443 1075 1485 laxabo
1105 1446 1200 1485 rete
1228 1441 1274 1483 in
1303 1439 1484 1483 nomine
1513 1438 1610 1482 Dei.
1642 1439 1703 1480 Et
1735 1438 1825 1480 duo

130 1528 268 1570 quam
306 1513 560 1556 demissime
598 1527 785 1569 possum
808 1514 899 1556 Vrae
932 1508 1003 1555 Mti
1037 1512 1203 1568 Regiae
1228 1527 1283 1555 ex
1307 1511 1458 1554 animo
1494 1509 1822 1552 commendare.

128 1585 335 1627 Alterum
377 1590 458 1634 est,
517 1584 644 1640 quod
684 1584 743 1626 ad
787 1583 1023 1627 dominum
1065 1584 1290 1638 Joannem
1332 1582 1529 1625 Galfium
1570 1584 1825 1622 senatorem

81 1670 116 1698 20
128 1655 325 1711 primum
359 1654 687 1698 cubicularium
724 1650 819 1697 Illmi
851 1654 1064 1710 principis
1086 1658 1276 1710 spectat,
1301 1667 1437 1709 quem
1459 1651 1620 1700 virum,
1645 1650 1681 1692 si
1703 1651 1826 1692 Deus

128 1726 187 1768 ad
211 1725 482 1769 catholicam
506 1725 645 1768 fidem
671 1726 880 1782 proprius
905 1725 1146 1768 adduxerit
1176 1724 1282 1780 (iam
1307 1723 1427 1766 enim
1451 1722 1591 1779 ipsius
1615 1721 1826 1777 frequens

128 1810 231 1839 cum
266 1789 502 1839 catholicis
542 1797 824 1839 consuetudo
851 1801 895 1839 et
923 1795 1072 1838 officia
1097 1795 1145 1838 id
1170 1798 1402 1851 sperantes
1428 1807 1509 1836 nos
1535 1792 1659 1846 facit)
1690 1805 1824 1834 nemo

127 1867 187 1910 ad
225 1867 375 1923 ipsum
418 1868 554 1910 Illmum
595 1867 845 1923 principem
876 1867 922 1909 in
954 1866 1106 1909 solidis
1133 1865 1382 1908 virtutibus
1409 1863 1657 1907 fovendum
1685 1867 1825 1918 atque

127 1938 186 1980 ad
219 1938 307 1989 illa,
345 1953 462 1994 quae
497 1943 690 1994 possunt
724 1938 913 1988 evenire,
939 1937 1227 1980 incommoda
1261 1935 1522 1983 avertenda,
1560 1932 1827 1989 prudentior

80 2023 113 2050 τι
127 2013 207 2051 aut
237 2009 463 2051 cordatior
493 2023 589 2051 esse
631 2023 658 2050 a
698 2008 936 2064 fidedignis
965 2008 1075 2050 mihi
1105 2012 1327 2050 narratur.
1360 2007 1406 2048 Is
1435 2005 1559 2061 quod
1586 2003 1822 2060 praedium

127 2079 234 2129 sive,
263 2079 341 2135 qui
376 2093 518 2135 pagus
544 2079 604 2122 ab
631 2079 736 2121 Illmo
765 2079 865 2135 piae
891 2078 1134 2121 memoriae
1160 2077 1361 2134 principe
1387 2075 1708 2130 Christophoro
1737 2072 1821 2115 sibi

125 2150 301 2205 legatus
322 2155 389 2192 est
415 2165 471 2192 ex
496 2154 778 2192 testamento
803 2164 894 2192 non
919 2164 970 2191 eo
995 2148 1134 2204 cupit,
1161 2153 1213 2189 ut
1238 2147 1486 2190 admodum
1511 2145 1716 2192 ditescat,
1744 2143 1823 2185 sed

125 2225 177 2262 ut
217 2220 533 2263 testimonium
574 2220 695 2263 tanti
735 2219 962 2276 principis,
1004 2233 1056 2261 ac
1096 2217 1225 2275 quasi
1264 2221 1535 2273 perpetuum
1574 2228 1681 2256 suae
1719 2213 1824 2255 fidei

125 2291 458 2334 monimentum
492 2291 553 2334 ad
588 2290 809 2333 familiam
843 2304 973 2332 suam
1007 2289 1206 2331 accedat.
1251 2287 1384 2343 Quod
1416 2300 1572 2333 unum,
1609 2284 1682 2326 vel
1717 2282 1824 2325 civi-

78 2361 213 2405 3otati
236 2361 438 2417 integrae
463 2366 775 2417 anteponeret.
803 2362 899 2416 Ego
923 2373 1030 2402 vero
1055 2374 1158 2401 cum
1182 2362 1341 2414 putem
1364 2355 1542 2399 nonnisi
1566 2353 1826 2411 prudentis-

125 2431 235 2474 sime
274 2433 495 2475 hactenus
527 2432 576 2474 id
606 2446 632 2474 a
662 2433 737 2474 Vra
770 2431 912 2486 Regia
943 2429 1020 2472 Mte
1051 2430 1325 2484 denegatum
1369 2426 1517 2475 fuisse,
1564 2424 1823 2468 existimavi

126 2507 280 2546 tamen
303 2503 509 2559 potuisse
535 2502 808 2558 contingere,
834 2506 886 2543 ut
911 2502 1034 2544 Deus
1057 2501 1142 2542 hoc
1165 2499 1212 2541 in
1236 2512 1388 2541 meum
1412 2497 1663 2539 adventum
1687 2508 1824 2537 reser-

125 2580 289 2624 vasset,
323 2578 376 2616 ut
415 2588 520 2616 cum
550 2573 598 2616 in
623 2573 817 2629 gratiam
844 2585 992 2614 meam
1019 2570 1232 2613 Maiestas
1256 2570 1330 2612 Vra
1356 2567 1498 2623 Regia
1522 2567 1607 2609 hoc
1632 2565 1694 2607 illi
1721 2579 1825 2607 con-

125 2644 315 2694 cederet,
341 2649 475 2687 tanto
501 2645 631 2686 fieret
656 2643 845 2686 alacrior
869 2642 928 2685 ad
952 2641 1193 2684 veritatem
1218 2638 1440 2682 attentius
1464 2652 1491 2680 a
1514 2636 1679 2679 nostris
1704 2635 1821 2678 exci-

78 2714 350 2770 sapiendam,
393 2715 735 2771 principemque
774 2714 923 2770 ipsum
965 2712 1100 2754 Ulmum
1125 2711 1171 2753 in
1197 2710 1285 2752 fide
1326 2708 1654 2752 sustinendum.
1691 2706 1825 2763 Quod

124 2784 160 2826 si
182 2785 276 2828 eius
297 2785 400 2842 pagi
422 2786 672 2828 salinarum
692 2787 727 2813 11
752 2785 905 2840 aliqua
929 2797 1030 2839 spes
1054 2787 1135 2833 est,
1158 2782 1312 2837 (quam
1328 2784 1483 2822 tamen
1507 2778 1707 2821 referunt
1732 2790 1825 2818 non

125 2869 218 2899 esse
234 2857 429 2911 tantam)
451 2856 608 2899 videat
626 2856 769 2912 Regia
784 2855 997 2898 Maiestas
1012 2867 1122 2896 num
1138 2865 1280 2908 pagus
1308 2850 1348 2894 ei
1377 2849 1526 2893 addici
1550 2852 1715 2905 posset,
1734 2860 1823 2889 ser-

266 2982 279 3001 ⁹
308 2978 378 3020 Ez,
407 2979 488 3023 ugy
516 2978 662 3012 latszik
694 2977 927 3012 Sebesvara.

252 3041 281 3061 ¹⁰
307 3038 386 3072 Ezt
417 3038 635 3073 Possevino
668 3037 781 3072 azert
811 3039 929 3077 tette,
975 3037 1080 3070 mert
1120 3033 1251 3078 ifjabb
1283 3031 1467 3076 Bathory
1499 3028 1641 3064 Istvan
1673 3027 1826 3072 hajlot‘c

77 3101 149 3130 40a
180 3098 626 3142 protestantizmushoz‚
654 3097 706 3131 ha
738 3106 874 3142 ugyan
907 3095 987 3130 ὅςεί
1018 3094 1123 3129 hitet
1154 3092 1241 3128 mar
1272 3092 1308 3126 el
1338 3101 1431 3125 nem
1462 3091 1628 3134 hagyta.

252 3157 285 3179 ¹²
312 3157 625 3203 Marosujvarrol
655 3168 737 3192 van
768 3156 848 3197 szo,
880 3156 1028 3201 melyet
1058 3154 1192 3200 Galffy
1222 3151 1375 3187 kesc'sbb
1406 3161 1495 3195 meg
1525 3150 1557 3183 is
1587 3148 1746 3193 kapott.

1614 3220 1678 3264 17*
