2188 3535
356 251 403 286 08
1117 239 1191 274 No·
1227 251 1271 276 21
1760 239 1879 284 [1579
1908 237 1992 283 apr·
2027 250 2048 284 7

360 364 581 421 religionis
603 363 757 405 ardore
780 361 984 414 flagrant,
1003 363 1054 399 ut
1077 371 1181 399 curn
1203 357 1293 399 sint
1315 371 1503 400 numero
1527 356 1722 413 amplius
1747 368 1831 410 300
1853 361 1932 398 aut
1947 369 2045 411 400,

358 436 507 478 nullus
534 446 686 475 eorum
709 444 753 472 se
775 430 834 472 ad
855 428 1182 470 haereticorum
1213 441 1464 484 synagogas
1486 427 1693 470 conferat
1714 441 1722 477 ;
1752 441 1869 482 quae
1896 431 2052 469 tamen

357 504 604 561 principem
650 500 711 542 ibi
752 499 922 541 habent
967 503 1013 540 et
1058 497 1219 540 ducem
1264 498 1554 541 Franciscum
1602 497 1807 546 Davidis,
1855 496 2051 540 nefariae

356 574 627 617 Arianorum
657 575 803 611 sectae
831 568 1160 611 suscitatorem.

473 643 585 684 Cum
617 653 724 681 vero
747 639 935 681 ulterius
958 653 1217 694 progressus
1239 640 1407 682 Albam
1423 639 1609 695 Juliam‚
1636 638 1921 681 habitatione
1958 633 2053 680 Illmi
2083 651 2100 680 5

355 712 569 769 principis
604 710 823 751 celebrem
859 709 1185 752 subintrassem
1225 711 1398 759 urbem,
1444 711 1645 752 salutato
1676 709 1889 764 principe,
1922 713 2054 752 tanta

357 796 460 825 cum
491 780 728 823 Societatis
757 779 1009 835 cupiditate
1040 785 1315 836 occupatum
1344 780 1510 829 inveni,
1542 786 1594 822 ut
1625 779 1736 822 nihil
1792 779 1878 822 nisi
1908 779 2052 822 Socie-

357 852 466 895 tatis
498 856 678 893 nostrae
709 850 915 892 homines
947 850 1167 906 cogitasse
1199 851 1441 893 videretur.
1478 850 1707 894 Celsitudo
1741 851 1832 892 Sua
1862 849 2052 906 benigne

357 937 427 965 me
445 922 511 978 pri
519 935 645 964 mum
664 920 939 976 complexus
960 920 1296 976 benignioribus
1315 922 1525 977 deinceps
1544 926 1589 964 et
1608 935 1790 977 prorsus
1808 920 2053 963 christiano

357 999 402 1036 et
433 991 653 1035 catholico
683 991 884 1048 principe
916 991 1062 1047 dignis
1094 991 1256 1034 studiis
1286 992 1497 1048 prosequi
1527 1006 1617 1034 non
1648 996 1806 1034 cessat.
1841 991 1963 1033 Nihil
1993 991 2102 1033 illim

358 1063 589 1119 antiquius
634 1062 733 1111 fuit,
780 1076 919 1118 quam
963 1067 1015 1103 ut
1066 1067 1279 1118 coeptum
1324 1063 1557 1118 quondam
1601 1063 1656 1105 de
1701 1062 2055 1118 Transylvanico

357 1134 541 1190 collegio
561 1133 807 1188 negotium,
836 1133 981 1188 primo
1001 1147 1181 1189 quoque
1201 1138 1404 1189 tempore
1426 1133 1665 1176 suscitaret
1688 1138 1827 1189 atque
1848 1133 1907 1175 ad
1927 1133 2055 1175 effec-

357 1211 457 1247 tum
481 1204 758 1260 perduceret.
803 1204 966 1259 Itaque
990 1218 1094 1246 curn
1117 1204 1203 1246 iter
1225 1204 1423 1246 remetiri
1446 1204 1632 1260 Agriam
1655 1204 1836 1252 niterer,
1875 1203 2055 1246 obstitit

360 1275 588 1318 Celsitudo
623 1275 713 1316 Sua
748 1275 1051 1324 vehementer,
1104 1288 1239 1331 seque
1274 1275 1369 1317 eius
1403 1288 1498 1317 esse
1532 1275 1673 1318 animi
1707 1280 1752 1317 et
1788 1275 2053 1323 sententiae,

358 1360 449 1388 non
473 1351 525 1387 ut
551 1359 687 1401 quem
712 1346 898 1387 haberet
924 1345 1191 1394 dimitteret,
1224 1346 1303 1388 sed
1330 1350 1378 1388 ut
1404 1345 1628 1388 sociorum
1653 1359 1840 1388 numero
1864 1345 2057 1401 locuple·
2071 1355 2105 1384 15

359 1422 511 1459 tatum
545 1417 629 1458 hoc
664 1430 796 1458 suum
831 1430 1020 1471 regnum
1054 1421 1267 1459 cerneret.
1306 1417 1478 1459 Locum
1513 1417 1651 1472 igitur
1685 1417 1839 1459 futuro
1874 1415 2058 1472 collegio

359 1492 637 1542 oportunum
655 1487 922 1542 designavit,
942 1501 1079 1542 quem
1096 1492 1142 1529 et
1159 1493 1321 1543 parata
1338 1487 1424 1529 fuit
1443 1488 1671 1530 Celsitudo
1690 1488 1780 1530 Sua
1796 1501 1901 1529 cum
1917 1486 2058 1529 literis

360 1557 618 1600 donationis
651 1557 697 1599 in
731 1572 893 1600 manus
927 1572 1052 1600 meas
1086 1572 1167 1613 pro
1203 1558 1429 1600 Societate
1464 1558 1701 1614 resignare,
1739 1558 1819 1601 sed
1852 1572 1933 1613 ego
1968 1571 2059 1600 non

359 1628 558 1670 iudicavi
591 1628 799 1683 expedire
849 1629 1095 1684 quicquam
1129 1628 1311 1671 interim
1358 1629 1518 1678 moliri,
1554 1643 1695 1685 quam
1729 1643 1755 1671 a
1789 1630 1842 1671 R.
1879 1630 1927 1671 P.
1962 1629 2061 1671 Tua

360 1704 536 1741 certum
582 1699 885 1754 acciperemus
937 1713 1218 1755 responsum.
1267 1700 1431 1755 Itaque
1475 1705 1651 1742 certum
1696 1714 1719 1742 e
1764 1699 1937 1742 familia
1979 1711 2108 1741 suaao

361 1769 594 1812 hominem
613 1770 671 1811 ad
689 1771 736 1812 P.
754 1771 900 1812 Tuam
919 1785 1023 1812 curn
1040 1770 1180 1812 literis
1196 1770 1288 1812 suis
1306 1770 1549 1826 ablegavit,
1570 1771 1649 1827 qui
1667 1785 1834 1819 coram,
1854 1770 2062 1826 precibus

359 1840 498 1882 etiam
523 1842 570 1883 P.
595 1841 741 1882 Tuam
765 1841 823 1883 ad
845 1841 1082 1897 collegium
1106 1841 1443 1897 suscipiendum
1467 1842 1770 1897 compelleret.
1805 1841 1892 1884 Sed
1913 1846 1958 1883 et
1980 1855 2061 1897 ego

359 1911 549 1966 genibus
585 1912 633 1953 P.
671 1912 794 1953 Tuae
829 1912 1075 1954 advolutus
1123 1926 1293 1968 precor,
1331 1926 1499 1968 oroque
1535 1913 1742 1968 supplex,
1780 1926 1835 1954 ne
1870 1912 2061 1955 clemen-

361 1981 527 2023 tissimi
548 1986 592 2023 et
613 1982 950 2024 catholicissimi
965 1983 1181 2038 principis
1197 1983 1470 2025 desiderium
1487 1983 1703 2026 retardes.
1723 1983 1801 2025 Sat
1822 1982 1880 2025 sit
1901 1983 2062 2025 datum

359 2052 680 2107 expectationi,
704 2052 766 2094 mi
790 2048 866 2095 Rde
892 2054 1040 2095 Pater.
1080 2053 1271 2096 Utinam
1291 2054 1550 2096 Paternitas
1569 2055 1668 2096 Tua
1687 2058 1901 2102 cerneret,
1923 2065 2110 2109 quam25

359 2122 620 2164 sitientibus
658 2123 854 2173 auribus,
893 2139 965 2166 me
1002 2124 1240 2180 indignum
1278 2124 1639 2174 concionantem,
1683 2125 1894 2180 frequens
1931 2123 2063 2167 Celsi·

359 2192 533 2235 tudinis
565 2194 680 2236 Suae
712 2195 815 2236 aula
851 2195 1021 2237 audiat.
1074 2196 1320 2251 Quousque
1353 2195 1416 2237 mi
1447 2196 1597 2244 Pater,
1646 2200 1863 2251 paratum
1893 2194 2063 2238 iamdiu

359 2263 512 2305 differs
543 2264 647 2306 huic
680 2279 815 2320 regno
849 2266 1117 2308 submittere
1151 2266 1405 2308 auxilium?
1461 2266 1639 2309 Sentiat
1675 2280 1844 2322 quaeso
1876 2271 1922 2308 et
1953 2265 2064 2308 haec

360 2334 509 2389 patria
550 2340 706 2378 nostra
748 2336 987 2379 Societatis
1028 2337 1158 2385 vires,
1204 2336 1359 2379 videat
1402 2337 1556 2379 lumen
1598 2336 1897 2393 benignitatis
1938 2341 2057 2379 tuae.

363 2404 407 2446 Si
435 2419 542 2460 gens
571 2407 759 2449 efferata
782 2407 1010 2456 Brasiliae‚
1041 2407 1078 2449 si
1105 2408 1262 2462 procul
1289 2407 1475 2463 Japonii
1502 2407 1654 2463 positi,
1687 2408 1810 2449 nullo
1838 2406 2063 2449 invitante
2076 2417 2112 2445 3ο

363 2475 601 2518 Societatis
643 2477 812 2519 lumine
857 2477 980 2533 digni
1023 2478 1170 2520 habiti
1214 2483 1334 2527 sunt,
1383 2493 1463 2520 cur
1506 2493 1676 2535 quaeso
1707 2478 1770 2520 mi
1801 2478 1938 2520 Pater
1966 2491 2063 2533 per-

365 2559 532 2599 paucos
585 2548 826 2604 Hungaros
877 2549 1234 2604 Transylvaniae
1288 2549 1466 2605 alpibus
1519 2549 1755 2592 conclusos
1807 2548 2060 2591 aversaris?

363 2615 526 2657 Veniat
558 2632 723 2673 quaeso
750 2622 794 2662 P.
832 2619 955 2662 Tuae
985 2619 1032 2661 in
1065 2624 1280 2669 mentem,
1315 2619 1539 2662 maiorum
1573 2625 1849 2668 nostrorum,
1882 2612 2087 2675 Ignatii(

366 2685 557 2740 LayncZ,
578 2689 763 2730 Xaverii
781 2690 958 2732 fervens
974 2690 1178 2732 studium
1194 2690 1239 2732 in
1260 2691 1484 2733 catholica
1504 2690 1716 2746 religione
1737 2689 2061 2745 promovenda.

374 2755 498 2809 Quas
524 2757 586 2798 illi
612 2760 756 2808 urbes,
786 2775 903 2816 quae
929 2761 1128 2816 pericula
1154 2775 1245 2803 non
1272 2761 1522 2810 subierunt,
1552 2761 1685 2803 unius
1712 2760 1944 2803 interdum
1971 2759 2114 2802 ani-35

368 2826 516 2868 mulae
553 2830 720 2871 causa?
762 2831 877 2873 Ecce
914 2831 986 2873 hic
1023 2845 1251 2880 numerus,
1291 2832 1382 2873 imo
1420 2831 1647 2887 myriades
1684 2831 1952 2873 animarum.
1993 2829 2065 2872 Illi

370 2909 461 2937 non
480 2896 675 2948 invitati,
698 2901 807 2955 quin
827 2902 1004 2957 saepius
1026 2901 1205 2957 repulsi,
1227 2902 1395 2944 invitos
1415 2907 1570 2944 tamen
1590 2916 1635 2944 se
1655 2902 1914 2944 nolentibus
1932 2915 2065 2956 saepe

368 2966 673 3017 obtruserunt,
706 2971 928 3014 charitate
963 2987 1038 3015 eos
1074 2973 1384 3027 compellente.
1410 2972 1547 3014 Vides
1582 2972 1653 3014 hic
1686 2972 1748 3014 mi
1772 2973 1920 3021 Pater,
1946 2971 2065 3027 prin-

369 3035 481 3090 cipis
502 3037 855 3094 Transylvaniae
878 3042 1163 3091 desiderium,
1189 3042 1315 3085 vides
1338 3043 1574 3091 fervorem,
1600 3042 1855 3098 patierisne,
1880 3056 2062 3098 quaeso,

373 3119 569 3149 vacuum
597 3108 690 3151 eius
717 3112 946 3161 nuncium,
977 3128 1004 3155 a
1032 3114 1079 3156 P.
1109 3113 1208 3155 Tua
1235 3113 1441 3169 regredi?
1481 3114 1628 3168 Quare
1657 3119 1702 3155 te
1730 3128 1809 3169 per
1836 3112 2113 3156 Christumw

373 3189 530 3230 precor
572 3172 649 3220 Βἀρ
685 3180 830 3230 Pater,
869 3183 963 3225 eius
1011 3183 1242 3232 nuncium,
1275 3198 1365 3226 non
1400 3197 1526 3226 secus
1562 3197 1612 3226 ac
1649 3198 1720 3226 me
1755 3184 1899 3226 filium
1933 3187 2066 3225 tuum
2140 3196 2147 3270 ¹
