2188 3535
319 196 372 231 35
1079 190 1154 223 No.
1190 201 1239 235 29
1720 193 1839 239 [1580
1866 193 1947 238 jan.
1982 206 2004 239 7

450 324 490 366 7.
542 312 605 354 Ut
634 310 770 353 simus
802 321 1019 351 memores
1047 307 1329 363 paupertatis
1357 313 1537 352 nostrae
1565 314 1803 366 tantopere
1830 309 1876 353 in
1904 325 2005 353 con·

321 381 638 424 stitutionibus
661 386 705 422 et
730 377 918 421 decretis
942 377 1106 419 nostris
1129 378 1485 431 commendatae,
1504 380 1628 423 nulla
1647 379 1820 436 tapetia
1843 380 2007 424 nostris

322 452 658 509 permittantur,
693 463 808 505 quae
839 447 929 490 sint
962 447 1034 490 vel
1065 448 1204 490 muris
1236 448 1387 498 affixa,
1421 450 1492 492 vel
1514 450 1679 493 mensis
1711 454 1870 500 strata,
1904 451 2007 494 solis

322 521 597 577 simplicibus
633 519 766 561 huius
803 517 977 574 patriae
1014 518 1172 561 storeis
1213 519 1307 574 (ubi
1344 519 1498 576 aliqua
1549 520 1697 576 exiget
1748 521 2002 576 necessitas)

321 591 535 634 contenti.
571 589 781 645 Nihilque
813 589 932 631 inter
964 593 1142 632 nostros
1174 589 1490 646 conspiciatur,
1526 591 1650 647 quod
1682 591 1930 647 simplicem
1962 597 2007 635 et
2038 602 2056 630 5

321 661 537 704 mundam
566 664 883 716 paupertatem
911 673 1002 701 non
1030 660 1242 703 redoleat.
1275 661 1361 703 Per
1386 662 1471 704 hoc
1500 667 1658 704 tamen
1685 676 1777 705 non
1804 662 2009 718 prohibe-

320 737 406 780 tur,
433 730 542 786 quin
565 729 741 786 aliquae
764 744 945 773 mensae
967 730 1141 786 possint
1165 730 1297 773 viridi
1320 731 1467 774 colore
1492 731 1675 788 depingi
1697 733 1731 787 J
1733 747 1807 775 esu
1829 733 2010 776 nomine

319 802 364 843 in
407 800 555 843 media
597 815 751 843 mensa
793 814 1015 857 expresso.
1061 802 1307 857 Propterea
1348 807 1669 858 argenteorum
1712 803 2010 847 cochlearium

319 886 409 914 non
438 871 522 913 erit
550 871 596 913 in
625 885 780 914 mensa
808 876 963 914 nostra
990 885 1110 920 USUS,
1141 872 1257 914 sicut
1287 887 1367 915 nec
1397 872 1658 929 sciphorum
1681 878 2008 929 argenteorum,

321 942 431 984 talia
464 956 544 997 pro
578 942 765 985 infirmis
799 947 843 985 et
877 941 1132 998 hospitibus
1165 943 1388 986 servanda
1421 949 1542 986 sunt.
2025 956 2059 983 ιο

448 1013 487 1055 8.
523 1013 634 1056 Cum
670 1013 834 1056 nostris
871 1013 1086 1056 fratribus
1123 1013 1314 1069 Ungaris
1350 1014 1664 1057 amantissime
1700 1019 1747 1057 et
1781 1015 2009 1059 humanis-

319 1083 430 1126 sime
458 1098 503 1126 se
529 1089 670 1139 gerat,
699 1099 879 1126 omnem
907 1088 1148 1140 paternum
1175 1085 1391 1127 affectum
1419 1099 1523 1141 erga
1549 1085 1661 1135 illos,
1692 1085 1808 1128 sicut
1836 1091 1881 1128 et
1908 1100 2012 1142 erga

322 1154 433 1196 alios
457 1155 711 1204 ostendens,
739 1160 790 1197 ut
816 1154 1067 1198 communis
1091 1155 1278 1197 humani
1309 1155 1481 1211 generis
1518 1155 1663 1199 hostis
1700 1156 1872 1199 insidiis
1908 1170 2012 1213 pru-

320 1225 481 1267 denter
512 1239 563 1267 ac
596 1225 865 1282 tempestive
897 1230 1116 1274 occurrat,
1150 1240 1206 1268 ne
1237 1226 1531 1269 alienationes
1563 1226 1833 1277 animorum,
1867 1227 2012 1284 qualis

321 1295 440 1338 inter
463 1296 544 1338 has
568 1296 773 1339 nationes
797 1311 890 1339 esse
914 1297 1040 1346 solet,
1067 1296 1206 1340 etiarn
1230 1297 1348 1340 inter
1371 1297 1600 1353 religiosos
1624 1297 1684 1340 ad
1707 1297 2011 1341 interturban-
2026 1309 2060 1336 15

322 1366 428 1408 dam
462 1366 639 1409 illorum
672 1367 871 1423 quietem
904 1368 1107 1410 derivare
1140 1373 1339 1410 conetur.

451 1450 489 1492 9.
525 1437 753 1481 Seculares
786 1438 895 1480 nulli
930 1438 1138 1494 deinceps
1172 1438 1218 1480 in
1252 1438 1435 1494 collegio
1470 1439 1813 1495 permittantur,
1849 1438 2014 1496 quibus

321 1507 613 1563 superioritas
653 1509 804 1565 aliqua
843 1509 888 1551 in
929 1524 997 1552 res
1037 1514 1214 1552 nostras
1256 1509 1518 1565 iniungatur
1548 1515 1593 1552 et
1624 1510 1733 1566 quia
1763 1524 2014 1566 pauperum

325 1578 457 1627 bona,
480 1578 596 1620 sicut
615 1579 660 1621 in
680 1579 808 1622 initio
829 1580 1001 1623 factum
1021 1585 1089 1623 est
1108 1580 1324 1622 devorare
1344 1580 1555 1629 debeant,
1577 1581 1690 1623 tales
1709 1581 1745 1623 si
1765 1581 1811 1623 in
1830 1580 2015 1637 praedio

324 1648 466 1690 futuri
499 1649 589 1691 sint
622 1650 869 1700 necessarii,
905 1650 1169 1707 stipendiati
1203 1650 1442 1693 servitores
1478 1650 1568 1693 sint
1599 1656 1643 1693 et
1674 1651 1781 1707 quia
1803 1665 1830 1694 a
1851 1651 2063 1693 nostrism

324 1733 505 1775 prorsus
527 1720 825 1776 dependeant,
850 1726 1197 1778 nostrorumque
1229 1722 1449 1764 mandata
1481 1727 1781 1778 exequantur.

455 1803 520 1833 10.
540 1791 749 1847 Invigilet
772 1806 1042 1849 quacunque
1065 1792 1232 1848 poterit
1254 1792 1443 1841 ratione,
1468 1796 1521 1834 ut
1544 1792 1768 1834 Dominus
1798 1791 2015 1848 percipiat

324 1860 522 1904 rationes
561 1876 775 1905 censuum
816 1867 861 1905 et
902 1877 1056 1906 omnes
1097 1877 1148 1905 ac
1175 1863 1453 1918 singulorum
1480 1862 1615 1905 huius
1642 1862 1727 1905 loci
1754 1862 2016 1906 reddituum

325 1936 421 1973 tam
453 1931 499 1973 in
527 1933 782 1988 pecuniario
811 1948 958 1983 censu,
991 1948 1130 1990 quam
1152 1933 1197 1975 in
1220 1933 1435 1989 frugibus,
1460 1939 1512 1975 ut
1535 1938 1713 1976 constet
1737 1933 1793 1976 de
1814 1948 2014 1982 numero,

325 2016 705 2060 personarumque
740 2004 798 2046 ali
832 2009 1059 2060 poterunt,
1098 2018 1258 2060 meque
1280 2005 1335 2046 de
1356 2004 1568 2047 omnibus
1591 2004 1827 2048 certiorem
1863 2004 2066 2047 faciat.25

457 2086 522 2116 11.
564 2075 688 2130 Quae
717 2080 848 2117 erunt
877 2075 1115 2118 vendenda
1143 2089 1223 2131 pro
1253 2079 1511 2118 nostrorum
1540 2080 1586 2118 et
1617 2074 1815 2118 familiae
1843 2080 2016 2118 susten-

327 2143 513 2193 tatione,
550 2146 799 2188 curandum
833 2150 914 2194 est,
951 2150 1002 2188 ut
1036 2160 1175 2202 quam
1208 2146 1303 2188 fieri
1336 2146 1506 2202 poterit
1541 2146 1781 2189 commodo
1815 2150 2018 2202 tempore

326 2214 527 2257 vendant
552 2220 597 2257 et
621 2230 759 2272 quam
784 2216 1120 2272 diligentissime
1143 2217 1367 2269 advertat,
1395 2231 1450 2259 ne
1475 2217 1729 2273 superfluae
1761 2216 1928 2260 buccae
1962 2231 2017 2259 ex

326 2284 455 2327 bonis
484 2300 734 2342 pauperum
764 2287 981 2330 alantur.2

456 2368 521 2399 12.
541 2357 630 2400 Ubi
645 2358 817 2400 venerit
834 2359 881 2400 P.
902 2358 1170 2415 Stephanus,
1199 2358 1236 2401 si
1261 2359 1410 2401 nullus
1435 2363 1552 2401 esset
1580 2372 1685 2402 curn
1710 2358 1784 2402 illo
1810 2359 2067 2414 Ungarus30

328 2427 545 2476 sacerdos,
590 2428 668 2484 qui
710 2429 945 2472 ministerii
987 2444 1171 2472 munere
1208 2429 1333 2485 fungi
1364 2429 1520 2486 possit,
1560 2429 1619 2471 sit
1652 2429 1759 2485 ipse,
1800 2428 2016 2478 minister,

329 2511 407 2551 per
451 2512 586 2553 quem
631 2504 825 2555 agantur
868 2514 923 2542 ex
968 2500 1251 2543 ordinatione
1297 2497 1398 2542 Rtiae
1430 2501 1520 2543 Vrae
1553 2505 1651 2542 tam
1683 2514 1786 2542 cum
1817 2499 2016 2548 internis,

331 2581 468 2621 quam
492 2583 594 2611 cum
617 2570 826 2620 externis,
852 2585 1148 2628 quaecunque
1171 2576 1277 2613 sunt
1301 2571 1488 2627 agenda.
1524 2570 1743 2626 Quamvis
1766 2570 2020 2626 optandum

331 2642 459 2686 esset,
497 2644 548 2680 ut
583 2640 695 2683 alius
730 2647 881 2697 posset
917 2656 1011 2684 esse
1046 2642 1263 2691 minister,
1301 2647 1352 2684 ut
1388 2641 1600 2684 iuvandis
1635 2640 1854 2697 proximis
1889 2645 2020 2683 tanto

332 2707 473 2762 magis
489 2715 636 2763 posset
653 2711 745 2767 ipse
761 2726 935 2762 vacare,
952 2712 1113 2755 scholis
1129 2712 1509 2768 superintendere,
1528 2711 1819 2754 concionibus
1834 2725 1886 2754 ac
1901 2715 2019 2754 cate-
2033 2723 2068 2751 35

334 2777 532 2820 chisticis
555 2780 821 2825 lectionibus
847 2783 1076 2839 proximos
1099 2783 1267 2825 iuvare.
1297 2785 1453 2825 Posset
1479 2787 1524 2824 et
1550 2782 1796 2838 aliquando
1822 2783 1870 2824 P.
1898 2781 2019 2824 Lele-

332 2847 425 2889 sius
452 2851 650 2892 revocari
678 2857 722 2893 et
751 2853 845 2909 ipse
873 2854 933 2896 ad
960 2853 1208 2910 principem
1236 2853 1359 2895 mitti
1387 2853 1446 2896 ad
1474 2852 1849 2901 concionandum,
1879 2852 2020 2895 donec

334 2931 385 2959 eo
426 2919 474 2960 P.
518 2920 724 2971 Lelesius,
767 2929 868 2979 post
908 2924 1240 2980 aliquantulam
1279 2923 1622 2979 respirationem
1662 2937 1765 2965 cum
1806 2922 2020 2965 fratribus

336 2993 381 3029 et
425 2988 690 3034 residentiae
736 2994 805 3047 (ne
848 2995 973 3037 fieret
1016 2995 1248 3051 perpetua)
1295 2993 1672 3049 interruptionem
1715 2993 2021 3036 remitteretur

334 3058 395 3100 ad
425 3059 557 3100 Ill¹¹¹⁰¹¹¹
586 3061 843 3118 principem.
2032 3075 2068 3103 4⁰

459 3161 473 3182 ²
502 3162 615 3208 Idaig
644 3175 719 3210 egy
748 3165 973 3207 kezirassaL
1003 3168 1123 3202 innen
1153 3167 1268 3212 vegig
1299 3166 1508 3201 masikkal.
