2188 3535
184 157 275 224 158i
311 188 400 223 aug.
436 179 501 222 22]
950 179 1022 214 No.
1060 182 1106 226 58
1801 191 1871 228 159

179 296 258 337 sed
278 295 484 338 traduxit
504 295 603 338 illos
623 297 684 339 ad
704 296 921 339 iudicium
942 297 1161 340 nobilium
1179 311 1186 339 z
1221 297 1338 340 inter
1359 312 1472 355 quos
1494 298 1606 341 duos
1628 312 1683 340 ex
1705 299 1870 341 nostris

179 366 321 408 voluit
361 380 455 408 esse
493 371 764 422 praesentes,
805 368 864 410 ob
903 382 1095 423 quorum
1134 368 1436 424 praesentiam
1473 369 1584 411 nihil
1623 368 1733 411 certi
1772 370 1869 411 ausi

178 441 297 486 sunt,
326 450 407 478 nec
433 451 515 492 pro
541 451 646 486 una,
675 451 756 479 nec
783 452 864 493 pro
892 438 980 480 alia
1006 443 1134 494 parte
1163 439 1409 482 decernere.
1440 441 1571 482 Hanc
1598 440 1657 482 ob
1683 454 1868 482 causam

178 512 414 563 tantopere
436 512 562 550 totus
581 507 654 550 ille
674 522 817 564 pagus
838 508 1060 551 alienatus
1081 514 1148 551 est
1170 524 1197 552 a
1217 510 1359 560 nobis,
1383 515 1435 553 ut
1456 524 1559 553 cum
1580 510 1867 566 praecedenti

127 595 144 621 5
176 591 294 620 anno
311 578 432 620 ultra
447 589 502 632 50
518 578 707 620 fuissent
723 579 782 621 ab
796 579 967 621 haeresi
986 580 1201 630 conversi,
1221 582 1305 623 hoc
1324 596 1442 624 anno
1459 582 1506 623 in
1523 581 1869 638 quadragesima

176 647 253 690 vix
282 648 465 691 fuerunt
495 659 519 703 5
548 649 737 699 inventi,
769 649 846 706 qui
875 650 1041 692 vellent
1071 651 1286 693 confiteri.
1318 652 1540 709 Multique
1568 652 1732 695 reversi
1761 657 1868 694 sunt

175 719 340 762 iterum
362 720 421 762 ad
443 734 546 762 suas
566 721 783 763 haereses.
809 721 928 763 Item
951 726 1041 763 tres
1062 722 1146 763 hoc
1169 736 1287 764 anno
1309 723 1438 765 nobis
1459 723 1582 765 iussu
1604 722 1718 778 regis
1740 723 1868 765 Polo-

175 790 275 832 niae
314 795 359 832 et
398 790 611 847 principis
649 791 852 833 adiuncti
891 796 996 833 sunt
1036 792 1152 848 pagi,
1193 807 1386 848 quorum
1425 793 1569 836 coloni
1607 793 1867 850 gaudebant

175 860 385 916 primum,
411 862 534 917 quod
556 876 578 904 e
602 867 829 917 potestate
852 867 896 904 et
919 863 1160 918 tyrannide
1175 864 1518 906 Trinitariorum
1539 864 1867 907 haereticorum

126 948 161 975 ιο
174 931 352 974 liberati
379 937 556 975 essent:
590 933 668 975 sed
694 947 784 975 non
812 933 1087 975 transierunt
1116 934 1231 976 duae
1259 934 1551 990 septimanae,
1581 949 1684 977 cum
1710 935 1866 977 ordine

175 1016 250 1045 eos
281 1003 431 1045 triduo
464 1003 678 1046 continuo
710 1004 803 1046 sine
835 1004 934 1046 cibo
965 1003 1011 1046 in
1042 1004 1138 1047 luto
1168 1010 1212 1046 et
1244 1005 1372 1061 palea
1401 1006 1603 1047 laborare
1635 1006 1865 1061 coegisset,

175 1074 451 1116 contrarium
475 1074 619 1117 dicere
649 1080 908 1130 coeperunt,
942 1075 1065 1130 quod
1093 1076 1279 1118 mallent
1310 1076 1393 1117 sub
1423 1076 1644 1131 prioribus
1674 1076 1867 1119 dominis

173 1144 409 1187 haereticis
425 1159 618 1195 manere,
637 1159 775 1201 quam
790 1146 874 1187 sub
889 1145 1030 1187 nobis.
1050 1146 1148 1188 Irno
1161 1146 1347 1202 quidam
1363 1146 1539 1188 illorum
1555 1146 1707 1201 palam
1722 1146 1867 1189 fassus

173 1220 254 1264 est,
286 1229 331 1257 se
367 1215 505 1258 etiam
540 1217 624 1258 sub
655 1216 810 1258 Turcis
842 1216 990 1265 fuisse,
1025 1217 1103 1259 sed
1134 1231 1214 1258 nec
1239 1217 1301 1259 ibi
1324 1221 1420 1259 tam
1444 1217 1579 1259 duros
1601 1217 1867 1260 sustinuisse

124 1301 158 1328 15
172 1285 358 1328 labores.
386 1287 498 1329 Cum
520 1286 728 1329 catholici
750 1287 993 1328 hortantur
1012 1287 1274 1338 haereticos,
1298 1292 1349 1329 ut
1373 1292 1699 1330 convertantur
1729 1293 1773 1330 et
1806 1288 1865 1330 ad

171 1362 377 1399 nostrum
394 1357 615 1413 templum
631 1357 830 1407 veniant,
866 1358 1153 1412 respondent,
1172 1373 1227 1400 ne
1243 1358 1491 1414 loquamini
1507 1358 1636 1400 nobis
1653 1358 1707 1400 de
1723 1358 1866 1400 homi-

170 1427 303 1469 nibus
325 1427 423 1477 illis,
449 1427 527 1483 qui
550 1427 694 1470 sancti
718 1433 763 1469 et
787 1428 1021 1482 apostolici
1046 1428 1129 1470 viri
1153 1434 1377 1484 putantur
1398 1434 1443 1471 et
1467 1434 1573 1471 sunt
1597 1429 1866 1472 crudeliores

170 1497 277 1553 ipsis
293 1498 460 1540 Turcis.
480 1498 749 1540 Praedicant
766 1498 863 1539 aliis
883 1498 1234 1542 misericordiam
1254 1505 1299 1542 et
1319 1500 1404 1555 ipsi
1424 1514 1605 1542 omnem
1625 1500 1864 1542 saevitiam

168 1567 215 1610 in
257 1568 463 1611 subditos
505 1574 714 1611 exercent
735 1583 744 1619 ;
790 1569 1010 1611 damnant
1053 1570 1100 1611 in
1142 1571 1239 1613 aliis
1282 1571 1536 1620 avaritiam,
1582 1585 1720 1627 quam
1763 1571 1864 1626 plus

119 1638 355 1682 zocaeteris
377 1639 462 1695 ipsi
486 1644 749 1695 sequuntur.
777 1640 945 1682 Omnes
968 1641 1014 1682 id
1037 1655 1127 1683 uno
1152 1656 1371 1684 consensu
1396 1642 1552 1684 dicunt
1590 1656 1681 1684 non
1719 1642 1864 1684 solum

167 1709 323 1759 nostri,
354 1710 433 1752 sed
460 1710 599 1753 etiam
628 1711 802 1752 externi
831 1711 1041 1753 catholici
1070 1726 1173 1755 eum
1201 1713 1273 1755 hic
1302 1713 1502 1755 maximo
1531 1712 1667 1755 fuisse
1695 1717 1740 1754 et
1770 1727 1864 1755 esse

166 1780 505 1836 impedimento,
539 1781 781 1837 quominus
812 1781 957 1824 multo
993 1782 1142 1838 plures
1188 1783 1355 1826 fuerint
1401 1783 1604 1827 conversi
1650 1784 1863 1826 haeretici

166 1852 398 1894 hactenus.
432 1853 551 1894 Nam
582 1857 830 1908 antequam
860 1852 954 1908 ipse
985 1854 1072 1895 huc
1103 1854 1291 1904 veniret,
1325 1855 1384 1897 ad
1414 1854 1675 1897 concionem
1706 1854 1863 1897 Lelesii

167 1927 211 1965 et
235 1923 427 1965 duorum
448 1923 626 1966 illorum
648 1923 919 1979 simplicium
940 1924 1221 1968 noviciorum
1243 1926 1535 1982 replebantur
1550 1926 1721 1982 templa
1737 1925 1862 1968 audi-

117 2007 153 2035 25
166 1993 358 2045 toribus;
377 1993 454 2050 qui
470 1994 685 2036 continuo
701 1994 842 2036 minui
859 2001 1116 2051 coeperunt,
1129 2011 1232 2039 cum
1247 1996 1319 2039 ille
1334 2011 1457 2039 more
1471 1997 1682 2039 Polonico
1698 2011 1862 2039 vexare

166 2064 372 2107 subditos
385 2065 617 2120 coepisset.
630 2066 685 2107 In
693 2065 880 2107 Polonia
893 2066 1063 2108 subditi
1077 2067 1296 2110 nobilium
1308 2073 1415 2111 sunt
1425 2068 1566 2110 veluti
1580 2067 1806 2123 mancipia
1816 2072 1860 2109 et

166 2140 423 2178 tractantur
439 2135 687 2185 durissime,
703 2141 940 2192 tamquam
952 2138 1178 2194 mancipia
1186 2139 1446 2181 Turcarum.
1460 2138 1546 2181 Hic
1562 2143 1716 2181 autem
1731 2138 1860 2192 longe

166 2206 253 2249 alia
274 2207 390 2249 ratio
412 2211 480 2249 est
503 2207 777 2256 colonorum,
801 2207 879 2262 qui
900 2222 991 2250 non
1012 2214 1064 2250 ut
1087 2209 1216 2258 servi,
1253 2224 1334 2251 nec
1362 2214 1412 2250 ut
1436 2208 1675 2264 mancipia,
1709 2208 1787 2250 sed
1807 2213 1859 2250 ut

165 2277 285 2320 cives
307 2277 493 2320 tractari
516 2278 690 2320 volunt.
736 2278 883 2333 Quare
905 2293 996 2321 non
1017 2279 1196 2328 mirum,
1221 2280 1256 2322 si
1279 2280 1317 2321 ei
1340 2280 1501 2322 modus
1523 2279 1594 2321 hic
1617 2278 1855 2321 Polonicus

116 2361 151 2388 30
163 2348 444 2403 gubernandi
462 2362 553 2391 non
571 2348 784 2390 succedit.
819 2350 887 2391 De
908 2349 977 2391 his
999 2364 1132 2406 saepe
1149 2365 1227 2406 per
1245 2350 1535 2399 consultores,
1560 2349 1789 2392 mediante
1808 2350 1855 2391 P.

164 2419 408 2470 Ludovico,
420 2424 487 2462 est
504 2419 777 2468 admonitus,
789 2419 867 2461 sed
879 2420 1003 2462 nulla
1016 2421 1138 2463 iacta
1150 2426 1217 2463 est
1231 2420 1501 2470 emendatio,
1517 2420 1607 2463 imo
1619 2420 1749 2475 longe
1761 2434 1858 2462 cru-

164 2490 306 2533 delius
337 2504 383 2532 se
411 2490 560 2546 gessit.
593 2491 840 2546 Nunquam
869 2495 1101 2545 praeterea
1133 2491 1361 2533 consultat
1394 2505 1496 2533 cum
1526 2491 1858 2533 consultoribus

163 2560 218 2603 de
232 2561 298 2611 iis,
323 2575 439 2617 quae
455 2561 514 2603 ad
532 2560 826 2616 ignominiam
842 2566 1033 2616 vergunt
1050 2562 1191 2604 totius
1208 2561 1445 2604 Societatis
1463 2576 1472 2612 ;
1497 2562 1551 2604 de
1566 2561 1647 2612 his,
1667 2576 1783 2618 quae
1799 2561 1858 2604 ad

162 2631 330 2674 bonam
345 2632 719 2688 gubernationem
736 2631 908 2673 faciunt
925 2636 969 2673 et
987 2632 1041 2674 de
1056 2632 1138 2683 his,
1157 2647 1210 2674 ex
1227 2632 1391 2688 quibus
1406 2647 1621 2688 magnum
1638 2633 1857 2675 damnum

114 2714 149 2741 35
163 2703 366 2758 sequitur
388 2703 476 2745 toti
500 2702 683 2758 collegio
701 2716 710 2753 ;
737 2706 782 2744 et
807 2702 862 2744 de
885 2701 967 2753 his,
985 2702 1031 2744 in
1049 2703 1213 2759 quibus
1237 2703 1472 2758 praevidet
1496 2703 1606 2746 alios
1629 2704 1856 2746 contraria

163 2786 371 2816 suasuros
398 2788 505 2816 suae
536 2773 749 2829 opinioni.
767 2772 926 2815 Audeo
948 2773 1105 2823 dicere,
1136 2774 1259 2829 quod
1286 2774 1479 2830 amplius
1507 2787 1589 2817 1oo
1617 2788 1856 2817 aureorum

164 2844 381 2886 damnum
404 2844 607 2887 intulerit
631 2845 716 2886 hoc
741 2858 860 2886 anno
884 2843 930 2885 in
954 2844 1047 2887 solo
1072 2844 1287 2894 aedificio,
1314 2845 1479 2888 nullius
1502 2850 1710 2888 nostrum
1732 2845 1779 2887 in
1803 2859 1854 2887 eo

163 2928 242 2956 nec
269 2915 479 2970 petendo,
503 2930 584 2957 nec
604 2914 858 2970 recipiendo
886 2915 1133 2958 consilium.
1159 2916 1277 2958 Nam
1299 2916 1523 2971 quaedam
1544 2930 1598 2959 ex
1622 2916 1704 2965 his,
1738 2930 1855 2972 quae

164 2985 431 3036 aedificavit,
460 2986 551 3028 iam
577 2986 755 3028 ruinam
782 2985 1027 3035 minantur,
1057 2986 1156 3036 alia,
1203 2986 1326 3042 quod
1351 3001 1442 3029 non
1469 2992 1578 3043 apto
1623 2987 1720 3029 loco
1747 2991 1853 3028 sunt

115 3053 298 3105 40facta,
332 3057 560 3111 oportebit
596 3057 837 3099 destruere.
874 3057 992 3099 Item
1025 3057 1170 3099 multa
1201 3056 1334 3099 simul
1365 3057 1522 3114 incipit
1545 3062 1589 3099 et
1612 3057 1723 3098 nihil
1754 3071 1852 3112 per-

165 3125 268 3166 fecit
286 3139 294 3167 ε
316 3126 534 3170 fenestras
552 3127 720 3170 vitreas
738 3127 832 3169 sine
851 3126 1134 3170 ferramentis
1152 3128 1319 3183 apponi
1337 3128 1467 3171 iussit
1486 3143 1493 3170 :
1519 3142 1634 3184 quae
1654 3127 1853 3170 deiectae
