2188 3535
149 205 240 249 1581
277 213 366 247 aug.
403 202 440 245 8]
914 200 989 235 No.
1029 203 1074 248 56
1775 208 1840 245 145

957 315 1027 357 56.

582 402 919 457 Gyulafeje‘rvdr,
954 404 1068 457 1581
1100 407 1335 458 augusztus
1366 403 1406 445 8.

253 495 299 534 Ρ.
332 494 489 534 Leleszi
520 495 652 546 Janos
686 495 730 534 P.
764 495 990 547 Aquaviva
1025 494 1200 534 Claudio
1231 494 1735 547 jezsuita-generalisnak.

274 578 312 618 F
314 578 535 617 elsorolvdn
553 590 577 616 a
593 578 796 630 bejdvetele
811 578 874 617 &ta
887 578 1022 628 lesolyt
1036 578 1098 617 Ιεὲί
1111 578 1305 617 esztendei
1318 579 1410 618 &lete
1423 579 1687 630 eredmaeinyeit
1699 580 1740 619 ἐς
1753 579 1845 619 ku‘z-

98 647 116 675 5
146 637 317 683 delmeit,
349 636 469 688 leirja
501 636 680 687 Ba'thory
711 637 874 687 Kristcif
904 637 1057 675 haldldt
1088 650 1107 676 s
1139 637 1300 676 kiemeli
1331 651 1355 676 a
1388 638 1611 677 rendeknek
1647 639 1848 689 (Ba'thory

144 696 288 736 Istva'n
313 697 447 747 kirdly
475 696 685 736 rendeletei
712 697 888 747 solyta'n)
913 696 1079 736 ircintuk
1104 698 1313 736 tanusitott
1337 698 1612 749 7'6indulatdt,·
1637 699 1683 738 de
1707 699 1847 750 sagit&-

146 759 273 797 ta'rsat
303 757 428 796 kiva'n
459 757 691 803 isme'telten,
724 762 821 796 merl
853 757 1084 808 elaegtelenek
1117 770 1141 796 a
1174 758 1244 797 sok
1275 758 1466 797 teendc'ire.

265 841 363 896 Jhs.
402 839 667 883 Reverende
708 840 956 882 admodum
996 840 1043 882 in
1084 840 1261 883 Christo
1302 841 1412 896 Jesu
1454 842 1589 884 Pater
1629 847 1713 884 etc.

265 911 407 954 Credo
435 911 628 953 libenter
656 913 710 954 R.
742 912 790 954 P.
821 912 919 953 Tua
960 911 1070 953 scire
1111 917 1308 967 cuperet,
1339 912 1439 968 quis
1467 912 1524 954 sit
1553 927 1672 954 nunc
1700 918 1849 955 status

101 996 136 1023 10
149 996 299 1025 rerum
328 987 588 1025 nostrarum
616 982 663 1024 in
691 983 776 1024 hac
805 982 968 1024 ultima
996 987 1041 1024 et
1071 982 1401 1038 propemodum
1431 983 1589 1025 Indica
1617 984 1850 1039 provincia

149 1053 494 1110 Transylvania,
549 1054 668 1096 Nam
716 1053 840 1109 quod
877 1067 969 1095 non
1007 1053 1159 1096 omnia
1199 1054 1456 1096 Paternitas
1495 1055 1566 1096 VTa
1604 1054 1850 1110 intelligere

150 1124 305 1180 possit,
331 1139 468 1167 causa
488 1130 556 1167 est
579 1124 836 1180 provinciae
859 1124 991 1166 huius
1013 1129 1191 1174 natura,
1226 1138 1342 1180 quae
1364 1138 1539 1180 semper
1560 1130 1850 1167 externorum

149 1196 387 1238 hominum
409 1201 454 1237 et
477 1195 729 1237 vicinarum
764 1195 967 1250 gentium
997 1195 1371 1237 consuetudinem
1393 1195 1508 1251 fugit
1531 1200 1577 1237 et
1600 1195 1847 1238 abhorruit.

152 1267 315 1322 Itaque
337 1267 415 1309 vix
449 1266 566 1308 ratio
601 1266 701 1308 iniri
736 1271 887 1321 potest
910 1265 1240 1308 mittendarum
1260 1266 1494 1308 literarum
1517 1266 1588 1308 vel
1609 1266 1844 1316 Viennam,

103 1350 138 1378 15
152 1338 224 1380 vel
250 1336 528 1387 Cracoviam‚
563 1341 747 1379 tantum
778 1337 907 1378 abest
941 1338 1137 1379 Romam
1168 1342 1213 1379 et
1245 1337 1447 1392 regiones
1479 1337 1760 1393 longinquas.

268 1409 380 1451 Cum
414 1408 461 1449 in
488 1409 573 1450 hoc
614 1421 802 1462 regnum
830 1421 948 1449 anno
978 1420 1045 1462 79.
1077 1407 1301 1450 venissem
1329 1408 1501 1450 nullam
1529 1422 1710 1464 prorsus
1738 1408 1850 1450 scin-

152 1479 297 1521 tillam
328 1478 580 1521 catholicae
612 1478 835 1533 religionis
865 1478 1031 1527 inveni,
1066 1483 1385 1534 praeterquam
1417 1479 1697 1534 Claudiopoli
1729 1479 1852 1535 apud

151 1549 448 1605 pauperculas
478 1548 702 1605 quasdam
732 1548 953 1598 mulieres,
986 1563 1103 1605 quae
1134 1550 1282 1592 eundo
1302 1552 1318 1577 1
1349 1550 1524 1592 victum
1554 1551 1848 1606 quaerebant,

151 1626 196 1663 et
237 1620 486 1676 principem
526 1620 662 1662 Illmum
701 1619 1075 1675 Christophorum
1117 1621 1307 1663 Bathori
1336 1621 1391 1664 de
1419 1621 1616 1677 Somlyo,
1664 1621 1851 1664 fratrem

103 1704 416 1747 2ogermanum
460 1690 574 1746 regis
620 1691 922 1733 Poloniarum.
971 1691 1106 1734 Cuius
1151 1692 1336 1747 quidem
1381 1692 1571 1742 animus,
1618 1692 1705 1735 etsi
1749 1707 1851 1735 con-

151 1768 277 1805 stans
332 1776 509 1818 semper
551 1762 597 1804 in
640 1762 864 1804 catholica
906 1762 1117 1818 religione
1164 1763 1362 1805 tenenda
1419 1763 1518 1813 fuit,
1578 1763 1852 1819 professione

151 1839 307 1876 tamen
349 1838 394 1876 et
438 1833 732 1876 articulorum
788 1833 1088 1889 explicatione
1147 1835 1267 1888 (cum
1327 1834 1502 1877 dudum
1543 1834 1636 1878 iam
1678 1835 1852 1877 nullum

150 1904 382 1947 habuisset
405 1904 680 1947 catholicum
701 1904 902 1954 doctum,
920 1919 999 1960 per
1013 1919 1151 1961 quem
1172 1905 1350 1948 institui
1371 1906 1610 1961 potuisset)
1637 1905 1852 1949 deviabat

151 1976 410 2031 plurimum.
437 1976 608 2018 Verum
632 1975 679 2017 in
704 1990 756 2017 eo
781 1975 1037 2018 reducendo
1062 1976 1187 2019 nulla
1212 1976 1299 2019 fuit
1325 1976 1574 2020 difficultas
1599 1991 1677 2019 seu
1702 1977 1855 2033 potius

105 2046 394 2089 zedocendo.
444 2047 608 2103 Itaque
655 2046 770 2088 sicut
814 2046 1044 2102 insperato
1091 2062 1318 2097 veneram,
1367 2048 1433 2090 ita
1479 2062 1583 2090 cum
1629 2048 1854 2090 discedere

153 2118 328 2168 vellem,
361 2117 656 2160 libentissime
688 2131 769 2173 pro
802 2117 1041 2160 Societatis
1078 2118 1261 2174 collegio
1299 2119 1535 2161 abbatiam
1587 2119 1854 2175 quandam,2

153 2188 260 2231 olim
295 2188 430 2231 huius
460 2188 584 2244 regni
612 2188 1017 2244 opulentissimam,
1051 2203 1155 2232 cum
1191 2189 1360 2245 oppido
1397 2195 1442 2232 et
1480 2190 1657 2232 duobus
1694 2189 1820 2245 pagis
1839 2192 1856 2216 3

154 2259 311 2302 obtuli.
355 2260 429 2302 Ita
480 2274 563 2316 ego
606 2258 896 2301 concionibus
927 2259 1146 2310 intentus,
1184 2265 1358 2302 aestate
1390 2274 1495 2310 una,
1529 2275 1585 2302 ex
1617 2260 1855 2302 voluntate

156 2332 209 2373 R.
242 2331 290 2373 P.
323 2331 494 2387 Lanoy,
529 2330 781 2373 adventum
812 2335 1071 2373 nostrorum
1099 2331 1146 2372 in
1174 2331 1516 2387 Transylvania,
1548 2330 1668 2373 solus
1696 2344 1854 2386 expec-

107 2412 143 2439 30
156 2401 265 2444 tavi.
298 2402 488 2458 Templo
518 2401 700 2444 interim
733 2401 1014 2457 Claudiopoli
1045 2407 1281 2457 occupato,
1328 2401 1400 2444 vel
1444 2401 1506 2443 ibi
1537 2401 1852 2450 concionabar,

157 2472 228 2515 vel
267 2472 315 2515 in
354 2473 459 2515 aula
499 2472 727 2528 principis,
770 2472 842 2514 vel
883 2486 963 2527 pro
1005 2472 1199 2514 comitiis
1239 2486 1375 2527 regno
1415 2471 1638 2515 universo.
1682 2472 1856 2515 Eodem

157 2557 276 2586 anno
306 2543 366 2586 ad
394 2543 564 2586 festum
595 2542 825 2586 Michaelis
855 2543 1116 2598 supervenit
1141 2545 1194 2585 R.
1221 2544 1269 2585 P.
1294 2543 1587 2585 Provincialis
1611 2543 1823 2585 Poloniae
1839 2545 1965 2593 4Szept.
1989 2569 2034 2593 29.

157 2628 261 2657 cum
294 2614 506 2657 undecim
538 2614 668 2657 sociis
704 2628 731 2656 a
765 2627 866 2669 rege
902 2613 1077 2663 missus
1115 2614 1193 2670 qui
1229 2614 1339 2656 dum
1374 2614 1552 2656 scholae
1587 2614 1633 2656 in
1669 2614 1856 2657 civitate

158 2684 445 2740 erigerentur,
478 2685 608 2728 nobis
638 2684 946 2727 habitationes
977 2690 1246 2740 aptarentur
1266 2684 1313 2726 in
1336 2685 1644 2735 Monasten'o,⁵
1675 2684 1856 2728 interim

112 2756 282 2798 35haud
306 2756 437 2812 longe
464 2757 523 2799 ab
549 2756 660 2799 urbe
686 2756 733 2798 in
760 2755 948 2798 abbatia
975 2769 1145 2798 annum
1172 2770 1327 2805 unum,
1357 2756 1518 2798 scholis
1545 2771 1626 2812 pro
1653 2761 1856 2812 tempore

160 2827 390 2877 extructis,
436 2828 687 2870 docuerunt
731 2832 776 2869 et
818 2826 1100 2869 habitarunt.
1146 2828 1279 2869 Anno
1322 2832 1477 2870 autem
1519 2828 1573 2870 81
1618 2842 1722 2870 cum
1764 2827 1855 2869 iam

160 2901 205 2938 et
240 2898 417 2941 scholae
452 2898 653 2955 quinque
688 2897 915 2954 perfectae
967 2902 1116 2939 essent
1153 2902 1198 2939 et
1235 2897 1396 2940 domus
1431 2903 1588 2940 nostra
1622 2903 1855 2954 utcunque

161 2971 381 3018 extructa,
428 2969 612 3012 iubente
665 2968 865 3025 principe
917 2968 1020 3010 Illmo
1061 2967 1164 3011 veni
1204 2968 1533 3025 Claudiopolim
1573 2969 1633 3012 ad
1671 2968 1856 3011 comitia

289 3068 301 3088 ¹
329 3068 423 3103 Irva
449 3070 611 3105 tevesen
637 3070 729 3115 igy:
759 3060 902 3104 uendo.
984 3069 998 3090 ‘⁶'
1027 3070 1061 3103 A
1089 3070 1445 3104 kolozsmonostori
1473 3069 1653 3115 apatsag.

114 3121 149 3148 40
287 3125 301 3145 ³
332 3125 696 3168 Kolozsmonostor‚
724 3127 826 3161 Bacs
852 3127 893 3161 es
924 3127 1112 3172 Jegenye.
1195 3127 1210 3147 ‘¹
1236 3127 1279 3161 P.
1310 3126 1464 3162 Sunieri
1492 3127 1674 3162 Ferencz.

289 3181 303 3202 ⁵
333 3183 697 3219 Kolozsmonostor.

233 3264 337 3289 Fonte·
356 3264 463 3290 Rerum
479 3265 764 3298 Transylvanicarum
785 3268 809 3293 Ι.
1669 3266 1714 3291 10
