2188 3535
307 276 357 318 34
1068 265 1143 299 No.
1179 276 1228 310 29
1711 264 1831 311 [1580
1857 264 1942 310 jan.
1974 276 1996 311 7

307 387 853 435 Colosmonostoriensem,
896 384 943 425 in
985 397 1076 439 qua
1116 388 1346 439 oporteret
1387 397 1470 426 nos
1510 383 1621 426 scire
1661 382 1789 425 cuius
1829 382 1998 426 ordinis

306 462 510 504 homines
524 465 658 501 antea
675 456 855 503 fuerint,
873 459 925 496 ut
942 459 1046 495 tuta
1060 454 1336 496 conscientia
1352 454 1471 496 bona
1487 454 1677 496 aliorum
1692 453 1999 509 religiosorum

307 546 410 574 cum
437 529 601 572 summi
623 525 849 582 pontificis
870 538 1068 573 assensu,
1093 524 1153 566 ad
1173 539 1309 580 quem
1335 529 1490 567 tamen
1518 524 1646 566 facile
1673 538 1719 566 se
1747 524 1837 566 Sua
1864 524 2001 567 Sanc-

306 602 416 644 titas
437 597 685 655 praebebit,
709 595 933 652 possimus
951 609 960 645 ;
1000 600 1240 650 propterea
1261 609 1472 651 rogamus
1501 596 1640 638 Suam
1662 594 1998 644 Celsitudjnem,

306 677 357 713 ut
386 671 537 711 iubeat
565 667 640 716 illi,
672 666 796 722 apud
817 679 953 722 quem
975 665 1209 721 privilegia
1230 666 1452 709 asservari
1477 666 1637 714 solent,
1665 670 1718 707 ut
1744 665 1875 708 nobis
1900 679 2002 708 eam
2033 679 2052 708 5

307 739 642 797 privilegiorum
680 741 860 793 partem
897 736 1126 786 exhibeat,
1166 751 1223 779 ex
1254 751 1360 793 qua,
1391 737 1515 793 quod
1546 736 1657 778 scire
1688 750 1771 778 nos
1801 736 2000 792 expedit,

306 823 570 866 cognoscere
601 808 842 864 possimus.

423 880 519 922 Hac
547 880 596 921 de
623 893 667 921 re
694 893 746 920 ne
779 879 867 920 sint
897 878 1085 926 solliciti,
1129 892 1229 920 cum
1255 879 1373 920 enim
1399 892 1447 920 ea
1476 892 1593 920 nunc
1623 891 1790 934 quoque
1816 878 2001 926 abbatia,

307 965 384 994 seu
415 950 664 995 coenobium
698 953 878 997 vocetur,
902 949 1010 990 satis
1042 952 1122 1004 pro
1155 962 1197 990 se
1229 950 1390 1003 arguit,
1427 950 1500 991 cui
1531 949 1595 990 rei
1626 949 1679 990 ab
1712 949 1842 991 initio
1873 949 2006 1003 suerit

307 1023 463 1069 dicata,
506 1035 622 1062 nunc
662 1025 806 1061 autem
844 1033 869 1060 a
910 1020 1230 1074 possessoribus
1278 1019 1574 1062 saecularibus
1613 1020 1709 1061 iure
1749 1020 1912 1074 optimo
1949 1019 2007 1061 ad
2020 1033 2055 1062 ιο

309 1107 378 1136 eos
408 1093 637 1146 transferri
664 1091 818 1146 potuit,
851 1091 928 1146 qui
954 1091 1079 1132 rebus
1107 1091 1300 1132 dominis
1327 1091 1585 1132 inserviunt.
1616 1090 1683 1132 De
1709 1091 1856 1145 prima
1882 1090 2007 1132 illius

308 1164 567 1218 fundatione
607 1163 754 1204 literae
789 1162 934 1203 nullae
964 1162 1085 1216 apud
1119 1161 1256 1203 Ill”⁸¹⁴”¹
1281 1162 1530 1216 principem
1557 1166 1740 1212 exstant,
1766 1175 1838 1203 eae
1864 1166 2008 1203 tamen

308 1236 358 1277 in
387 1234 594 1277 archiviis
622 1233 810 1288 publicis
840 1233 1003 1275 alicubi
1030 1234 1138 1287 sorte
1166 1233 1466 1275 inveniuntur.

427 1305 466 1347 8.
509 1303 664 1346 Nostri
703 1308 1016 1359 praeceptores
1055 1303 1202 1345 nullos
1241 1303 1332 1345 fere
1370 1303 1510 1345 libros
1548 1303 1621 1345 vel
1659 1302 2009 1345 commentarios

311 1376 498 1424 habent,
543 1375 708 1430 quibus
750 1388 1018 1430 praeparare
1061 1388 1106 1416 se
1149 1374 1338 1430 possint,
1383 1374 1523 1416 etiarn
1565 1373 1625 1416 ad
1667 1373 1894 1416 docendos
1935 1387 2010 1416 eos
2025 1386 2059 1415 15

312 1451 533 1495 auctores,
552 1446 606 1487 de
622 1445 786 1501 quibus
803 1445 849 1486 in
865 1444 1081 1500 Catalogo
1099 1445 1151 1487 fit
1175 1444 1346 1487 mentio
1369 1459 1376 1495 ;
1402 1444 1657 1487 curandum
1679 1444 1864 1487 omnino
1887 1443 2010 1487 vide-

313 1522 450 1566 retur,
478 1521 529 1558 ut
556 1522 653 1558 tam
678 1515 856 1572 urgenti
887 1516 1148 1558 necessitati
1172 1515 1500 1572 provideretur.

423 1587 548 1629 Libri
575 1588 639 1630 vel
671 1592 882 1637 emantur,
915 1587 978 1629 vel
1008 1588 1223 1630 cudantur
1253 1586 1500 1642 sumptibus
1531 1581 1634 1629 W...-
1668 1585 1903 1643 principis.

431 1658 597 1700 Similis
633 1662 700 1699 est
738 1662 783 1699 et
821 1657 897 1699 illa
933 1657 988 1699 de
1025 1657 1188 1713 pannis
1225 1657 1285 1699 ad
1321 1657 1484 1699 fratres
1520 1657 1788 1706 induendos,
1827 1661 2013 1712 propter

314 1743 509 1785 quorum
535 1729 763 1770 defectum
788 1728 950 1770 fratres
974 1728 1118 1770 nostri
1143 1728 1350 1770 nonnihil
1374 1728 1630 1784 patiuntur,
1646 1732 1699 1769 ut
1715 1727 1770 1770 de
1794 1727 2062 1770 lectister-zo

314 1800 400 1841 niis
416 1804 461 1841 et
477 1800 702 1855 stragulis,
719 1799 884 1855 quibus
905 1799 950 1840 in
972 1799 1100 1841 lectis
1121 1813 1166 1841 se
1190 1804 1349 1855 tegant
1371 1803 1417 1841 et
1447 1798 1623 1854 frigoris
1645 1798 1831 1841 iniurias
1860 1797 2013 1840 defen-

314 1871 442 1919 dant,
478 1875 667 1912 taceam.
816 1915 818 1918 ,

430 1942 584 1984 Panni
619 1943 668 1984 inv
706 1943 797 1984 dies
835 1941 1147 1996 expectantur.²
1187 1940 1471 1984 Lectisternia
1517 1945 1555 1982 et
1597 1941 1792 1995 stragula
1824 1941 2013 1996 pecunia

315 2014 654 2068 comparentur.³

431 2083 514 2125 Die
542 2085 588 2125 2³
613 2083 821 2137 Januarii
843 2083 901 2124 Μ.
928 2083 985 2124 D.
1011 2082 1204 2124 LXXX.
2028 2094 2065 2122 25

713 2171 906 2214 (Eredeti‚
936 2182 959 2205 a
989 2171 1285 2216 Jezsuita-rend
1312 2171 1618 2214 leveltaraban.)

1133 2289 1204 2333 29.

787 2388 1064 2441 [Κοῖοτευάη
1097 2389 1211 2442 1580
1240 2389 1479 2443 januarius
1510 2391 1576 2443 7.]

458 2491 503 2530 P.
538 2491 699 2530 Sunieri
731 2492 911 2531 Ferencz
942 2492 1268 2544 lengyelorszagi
1299 2492 1591 2544 provinczialis
1621 2492 1666 2531 P.
1702 2491 1856 2542 Wujek
1876 2491 2017 2542 Jakab

319 2550 474 2601 erde'lyi
504 2551 719 2600 prefektus
747 2551 904 2590 resze're
932 2552 1242 2604 hatrahagyott
1275 2552 1495 2591 utasitasa.
2029 2555 2066 2583 ³⁰

448 2645 568 2700 Quae
589 2647 701 2688 dixit
725 2647 777 2688 P.
802 2647 842 2688 F
844 2648 1067 2689 ranciscus
1087 2648 1372 2703 provincialis
1392 2647 1603 2690 Poloniae
1622 2651 1702 2703 pro
1722 2661 1826 2689 cura
1847 2647 2018 2702 collegii

321 2715 464 2767 futuri
503 2715 642 2758 Claud
648 2717 879 2772 z'opolensis
912 2719 1122 2773 praesecto
1157 2719 1414 2761 residentiae
1450 2718 1807 2772 Transylvaniae.

459 2797 495 2827 1.
531 2786 727 2828 Praeerit
743 2789 790 2830 P.
809 2788 1010 2842 Jacobus
1027 2791 1043 2816 1
1067 2789 1232 2831 nostris
1255 2788 1478 2838 omnibus,
1503 2789 1581 2844 qui
1602 2788 1649 2830 in
1664 2787 2019 2844 Transylvanica

451 2897 465 2917 ²
492 2898 578 2950 Mas
617 2900 748 2934 kezzel
779 2901 905 2936 utana
942 2902 1053 2936 irva:
1085 2903 1239 2936 Vienna
1276 2913 1348 2947 pro
1388 2903 1533 2947 quibus
1572 2902 1694 2936 missa
1718 2903 1856 2947 procul
1895 2902 2068 2936 dubio35

329 2944 490 2978 fuerunt
517 2946 669 2989 ahquot
696 2947 932 2983 florenorum
958 2953 1138 2984 centena.

453 2991 468 3011 ³
496 2992 741 3036 Ugyanazon
782 2996 940 3030 kezzel:
986 2997 1122 3042 Usque
1153 2996 1204 3030 ad
1236 3007 1370 3030 meum
1400 3007 1450 3030 ex
1480 2996 1773 3041 Transylvania
1802 2996 2019 3031 discessum

326 3039 572 3091 expenderat
594 3040 673 3074 iam
695 3041 876 3088 princeps
890 3045 930 3077 in
944 3045 1238 3089 reparationem
1259 3044 1359 3077 teeti
1376 3043 1576 3083 ecclesiae,
1595 3043 1872 3085 fenestrarum,
1890 3044 2019 3089 supel-

327 3086 502 3120 lect1lem
524 3091 564 3120 et
586 3087 636 3120 ad
658 3088 809 3123 victum
832 3092 1051 3126 necessaria
1071 3092 1124 3126 ad
1144 3091 1395 3135 octingentos
1415 3091 1573 3125 taleros.

393 3226 398 3232 ¹
457 3179 471 3200 ¹
509 3179 552 3213 P.
593 3181 881 3225 Vangrovicius
921 3185 1066 3231 Jakab.
1118 3186 1152 3220 A
1187 3186 1351 3231 gnezeni
1398 3186 1701 3232 tartomanybol
1746 3185 1839 3221 valo
1875 3185 2068 3230 Wujek4⁰

326 3225 477 3261 latinos
521 3228 785 3279 (humanista)
827 3243 941 3274 neve,
983 3234 1105 3268 kinek
1139 3234 1329 3268 erdemeit
1364 3245 1388 3268 a
1423 3234 1557 3268 XVII.
1592 3233 1750 3268 szazadi
1791 3233 2021 3267 Rostowski
