2188 3535
340 185 415 219 230
1104 165 1178 198 No.
1208 167 1254 211 78
1709 165 1824 210 [1582
1857 163 1940 198 okt.
1979 174 2025 207 19

341 297 442 348 post
472 295 653 347 partum
683 283 1032 328 introducendae
1061 282 1107 324 in
1137 282 1373 339 templum,
1407 287 1487 325 aut
1517 282 1718 325 infantes
1749 280 2021 338 baptisandi,

341 367 419 405 aut
448 356 734 403 matrimonio
771 352 1022 409 copulandi,
1054 357 1133 395 aut
1163 353 1287 396 domi
1314 353 1620 396 confessiones
1651 352 1914 401 audiendae,
1945 356 2025 394 aut

340 432 399 475 ad
424 431 621 473 infirmos
648 440 750 468 cum
777 427 1058 466 sacramento
1086 423 1410 473 Eucharistiae,
1441 423 1500 466 ad
1527 423 1619 466 tria
1649 428 1903 479 quatuorve
1929 422 2027 464 loca

341 502 517 544 diversa
563 493 961 553 proficiscendum;
1027 507 1143 549 quae
1191 508 1295 537 curn
1342 495 1496 538 omnia
1546 494 1683 537 simul
1730 492 1890 549 exequi
1937 507 2027 535 non

341 571 520 627 possim,
551 565 735 608 diversis
760 563 880 606 horis
907 577 1044 606 conor
1067 563 1251 620 singulis
1274 579 1354 621 pro
1376 565 1493 607 virili
1524 564 1795 607 satisfacere.
1827 565 1875 606 P.
1905 563 2028 606 Volf-
2058 578 2076 606 5

338 652 507 696 gangus
546 635 711 679 mansit
750 648 854 676 cum
892 648 974 676 sua
1004 635 1216 678 concione
1254 636 1475 679 Saxonica
1517 641 1561 678 et
1603 634 1737 677 simul
1775 633 2028 677 scholarum

340 708 592 766 praefectus
623 710 689 748 est
721 704 1009 747 constitutus.

450 780 572 821 Bene
607 775 789 832 quidem
823 776 933 818 haec
967 776 1120 819 omnia
1154 782 1282 820 erant
1317 777 1535 820 ordinata
1569 783 1614 820 et
1651 775 1914 825 constituta,
1951 775 2030 818 sed

337 855 387 893 ut
420 852 568 892 essent
600 846 781 889 stabilia
811 851 855 888 et
887 846 1030 895 utilia,
1065 861 1208 890 unum
1239 848 1387 890 adhuc
1420 847 1752 904 requirebatur,
1786 852 1838 889 ut
1870 852 2028 894 rector,

336 920 413 977 qui
442 918 571 961 radix
600 923 644 960 et
673 931 809 959 causa
837 916 1043 960 omnium
1073 918 1295 961 malorum
1324 924 1370 961 et
1399 918 1723 961 scandalorum
1752 917 1912 966 fuerat,
1945 916 2031 959 alio
2048 932 2080 959 ιο

335 991 440 1033 hinc
465 988 796 1036 transferretur,
823 987 894 1030 vel
919 988 977 1030 ab
1001 987 1150 1031 officio
1175 989 1478 1044 deponeretur
1499 1003 1505 1031 :
1537 1003 1620 1031 nec
1645 989 1842 1031 multum
1866 989 1924 1031 ab
1948 989 2033 1030 hac

336 1060 563 1105 sententia
609 1058 828 1102 Visitator
874 1063 920 1100 et
969 1058 1262 1102 Provincialis
1312 1060 1593 1102 videbantur
1639 1059 1838 1115 primum
1885 1058 2030 1107 alieni,

337 1131 504 1175 auditis
543 1145 569 1173 a
606 1129 936 1172 consultoribus
975 1134 1020 1172 et
1058 1130 1165 1172 visis
1203 1130 1335 1173 factis
1373 1135 1418 1173 et
1456 1131 1599 1187 gestis
1635 1130 1764 1172 illius.
1805 1130 1894 1173 Sed
1929 1144 2034 1171 cum

340 1203 501 1246 Albam
520 1201 689 1256 juliam
704 1199 894 1256 profecti
910 1206 1058 1243 essent
1074 1206 1118 1243 et
1134 1215 1287 1244 secum
1302 1216 1394 1244 una
1411 1216 1463 1244 eo
1485 1206 1709 1244 rectorem
1727 1201 2032 1250 deduxissent,

339 1273 375 1316 is
410 1287 513 1315 cum
551 1272 716 1319 Leleso,
754 1285 907 1313 coram
928 1271 1187 1321 Visitatore,
1223 1278 1464 1329 tamquam
1502 1272 1595 1315 duo
1631 1272 1742 1314 muli
1777 1270 1954 1315 tamdiu
1989 1285 2035 1314 se
2049 1285 2082 1314 15

341 1350 501 1387 mutuo
535 1343 825 1398 scalpserunt,
861 1341 976 1384 alter
1007 1342 1202 1386 alterum
1235 1343 1552 1400 praedicando,
1592 1357 1684 1399 quo
1717 1357 1763 1385 se
1796 1347 1957 1385 mutuo
1989 1341 2036 1384 in

340 1414 431 1457 suis
474 1412 771 1469 dignitatibus
814 1418 1146 1463 conservarent,
1192 1420 1243 1456 ut
1289 1419 1491 1457 mentem
1535 1413 1799 1457 Visitatoris
1841 1419 1887 1456 et
1930 1414 2036 1456 Pro-

342 1484 542 1528 vincialis
593 1484 774 1526 omnino
816 1483 1093 1527 inverterent
1146 1490 1191 1527 et
1242 1485 1508 1528 inducerent
1564 1485 1624 1528 ad
1676 1484 2036 1528 conservandum

344 1561 586 1611 utrumque
621 1554 667 1596 in
702 1569 781 1597 suo
817 1554 977 1598 officio.
1017 1555 1155 1598 Miror
1189 1557 1237 1599 P.
1276 1556 1572 1599 Visitatorem
1608 1561 1653 1598 et
1691 1555 2033 1604 Provincialem,

345 1626 464 1669 viros
500 1625 698 1682 alioquin
735 1625 843 1681 pios,
883 1626 1083 1669 eruditos
1119 1632 1164 1669 et
1201 1627 1460 1683 prudentes,
1504 1626 1716 1669 maluisse
1751 1626 1830 1669 uni
1867 1625 2085 1669 Lelesiozo

342 1696 532 1746 absenti,
569 1696 615 1738 in
650 1710 783 1739 causa
817 1701 862 1739 et
897 1697 1031 1740 rebus
1064 1697 1250 1740 rectoris
1284 1698 1385 1754 plus
1420 1698 1611 1747 credere,
1650 1712 1794 1754 quam
1827 1696 2038 1740 omnibus

340 1767 684 1816 consultoribus,
709 1767 786 1823 qui
811 1773 1069 1823 praesentes
1091 1769 1230 1812 verba
1261 1768 1356 1811 eius
1388 1769 1635 1812 audierunt
1668 1773 1713 1811 et
1745 1768 1885 1811 oculis
1916 1767 2040 1810 facta

341 1838 482 1895 ipsius
508 1843 848 1894 conspexerunt,
877 1853 1072 1895 quorum
1097 1840 1310 1896 pleraque
1337 1840 1397 1882 ad
1421 1840 1611 1882 oculum
1637 1839 2006 1882 demonstrarunt
2028 1852 2035 1881 :

340 1910 420 1952 sed
454 1911 520 1965 (ut
552 1909 638 1951 dici
669 1909 794 1964 solet)
831 1924 1160 1966 nonnunquam
1190 1911 1336 1954 bonus
1367 1910 1510 1954 etiam
1543 1910 1763 1953 dormitat
1798 1912 2036 1954 Homerus.

342 1980 445 2023 Sive
474 1980 622 2036 igitur,
648 1981 770 2036 quod
813 1995 904 2023 non
948 1982 1167 2024 haberent
1201 1996 1227 2024 a
1258 1983 1356 2024 Tua
1389 1977 1475 2025 Rtia
1510 1981 1782 2025 facultatem
1814 1980 2087 2029 mutandi,25

341 2051 435 2093 sive
467 2051 590 2107 quod
620 2056 850 2107 sperarent
882 2052 1259 2102 emendationem,
1294 2052 1388 2096 sive
1421 2058 1611 2109 propter
1643 2057 1853 2095 mutuam
1884 2065 2039 2095 eorum

340 2121 792 2171 commendationem,
818 2128 1064 2179 utrumque
1085 2123 1132 2165 in
1154 2138 1234 2166 suo
1256 2123 1405 2166 officio
1429 2125 1758 2167 confirmarunt
1777 2137 1784 2165 :
1816 2128 1862 2165 et
1884 2137 2038 2179 quem—

340 2193 588 2235 admodum
621 2207 772 2236 coram
804 2195 844 2235 V
847 2194 1063 2243 isitatore,
1099 2194 1160 2237 sic
1195 2200 1240 2237 et
1262 2209 1416 2238 coram
1437 2209 1539 2251 rege
1563 2199 1725 2237 mutuo
1746 2208 1792 2237 se
1811 2193 2035 2237 lambunt.

342 2264 483 2306 Valde
519 2263 638 2306 enim
673 2263 765 2306 iam
799 2264 888 2307 ista
922 2265 1172 2321 perniciosa
1206 2266 1488 2309 consuetudo
1525 2265 1697 2322 passim
1728 2265 1774 2307 in
1814 2264 2038 2307 Societate

341 2334 542 2383 inolevit,
576 2340 628 2376 ut
659 2335 962 2391 superioribus
993 2342 1037 2379 et
1069 2336 1280 2392 professis
1310 2337 1413 2393 plus
1442 2337 1550 2380 fidei
1583 2336 1866 2384 adhibeatur,
1899 2349 2039 2391 quam
2051 2349 2088 2376 30

344 2405 530 2447 caeteris
566 2405 775 2448 omnibus
810 2407 1017 2463 patribus
1052 2413 1097 2450 et
1134 2407 1350 2450 fratribus
1385 2407 1670 2452 contrarium
1705 2406 2037 2456 asserentibus,

344 2475 445 2530 plus
484 2490 625 2519 unum
665 2476 842 2520 illorum
882 2479 1074 2521 verbum
1114 2479 1278 2528 valeat,
1322 2494 1463 2536 quam
1503 2484 1692 2522 centum
1731 2478 1951 2527 aliorum;
1994 2482 2038 2519 et

346 2550 397 2586 ut
425 2546 640 2602 quicquid
666 2547 727 2588 illi
754 2548 964 2598 dixerint,
993 2549 1106 2592 illud
1132 2554 1284 2593 toturn
1311 2555 1355 2593 et
1383 2550 1530 2593 solum
1557 2550 1722 2592 debeat
1750 2562 1843 2591 esse
1869 2552 2036 2597 ratum,

346 2615 539 2664 firmum,
560 2631 729 2667 verum,
751 2624 796 2661 et
814 2634 869 2661 ex
902 2620 976 2676 pio
1013 2625 1151 2676 atque
1170 2621 1289 2663 bono
1306 2621 1400 2664 zelo
1419 2621 1675 2677 profectum
1697 2633 1704 2662 1
1726 2633 2038 2675 quaecumque

348 2690 502 2727 autem
530 2687 587 2728 ab
615 2688 710 2730 aliis
738 2690 959 2739 dicantur,
993 2691 1070 2733 illa
1096 2691 1249 2734 omnia
1274 2698 1484 2747 suspecta
1511 2692 1671 2734 debere
1699 2704 1806 2738 esse,
1837 2690 1908 2732 vel
1935 2703 2087 2732 con-35

348 2755 456 2797 ficta
484 2762 527 2797 et
557 2771 611 2799 ex
642 2759 760 2802 mala
789 2761 1039 2810 affectione,
1077 2776 1129 2804 ac
1158 2762 1412 2805 tentatione
1442 2762 1672 2818 profecta:
1707 2760 1837 2817 quasi
1866 2761 2038 2804 nullam

350 2825 425 2867 alii
451 2827 769 2872 conscientiam
795 2845 946 2874 coram
972 2834 1068 2874 Deo
1093 2833 1327 2881 haberent,
1356 2838 1436 2875 aut
1463 2847 1518 2875 ex
1544 2831 1777 2888 proposito
1804 2831 2039 2874 mendacia

350 2903 680 2950 componerent.
709 2901 810 2942 Non
832 2902 1066 2957 quaeritur
1086 2917 1218 2958 saepe
1241 2903 1287 2945 in
1310 2902 1465 2946 multis
1487 2902 1609 2952 locis,
1628 2916 1745 2958 quae
1761 2916 1865 2958 pars
1887 2902 2038 2945 melio-

351 2979 419 3007 res
450 2971 494 3008 ct
527 2966 729 3011 fortiores
759 2971 926 3014 habeat
958 2973 1168 3024 rationes,
1218 2973 1297 3016 sed
1327 2973 1438 3029 quid
1468 2973 1681 3016 videatur
1712 2972 1928 3028 superiori
1958 2978 2038 3015 aut

353 3035 563 3091 professo,
605 3037 697 3081 sive
736 3040 772 3082 is
810 3042 975 3085 habeat
1016 3043 1226 3092 rationes,
1268 3044 1363 3086 sive
1401 3058 1522 3094 non;
1581 3043 1717 3086 modo
1758 3042 1870 3086 sciat
1910 3043 2089 3086 alteri40

355 3106 582 3161 superiori,
612 3122 638 3150 a
664 3124 753 3165 quo
781 3111 864 3153 sibi
892 3113 1068 3163 metuit,
1099 3113 1281 3170 egregie,
1312 3115 1454 3157 donec
1481 3128 1692 3170 praesens
1719 3118 1801 3163 est,
1830 3113 2036 3157 blandiri.
