2188 3535
177 207 270 251 1581
304 204 389 249 jsm.
425 205 464 249 2]
946 203 1019 239 No.
1057 215 1101 251 52
1804 216 1873 251 139

171 322 473 373 infirmitates,
494 323 579 365 sub
597 324 734 365 finem
749 323 857 365 Maii
872 323 1014 365 Albae
1033 328 1240 367 mortuus
1255 329 1336 368 est.
1355 324 1516 367 Adfuit
1534 324 1598 366 illi
1612 329 1658 366 et
1673 328 1872 380 aegroto,
1888 331 1958 362 Men«
1983 338 2027 362 27·

173 398 219 435 et
247 393 458 436 morienti
490 396 538 437 P.
570 394 771 448 Joannes
800 394 997 436 Lelesius
1026 399 1191 445 noster,
1222 395 1300 451 qui
1329 395 1416 438 fuit
1445 395 1539 438 eius
1567 395 1873 444 concionator,

172 463 389 520 illumque
414 465 520 507 fecit
543 465 751 521 princeps
779 465 1177 508 testamentarium
1202 480 1306 509 cum
1331 466 1428 509 aliis
1453 466 1728 523 quibusdam
1752 465 1876 521 regni

173 535 435 578 consiliariis
456 540 501 578 et
524 536 751 592 quaedam
773 540 945 578 secreta
966 536 1058 591 regi
1087 536 1291 587 dicenda,
1321 537 1407 594 ipsi
1435 537 1687 581 commisit:
1716 551 1875 593 quam-

121 622 142 649 5
173 606 329 649 obrem
359 607 550 649 fortasse
581 612 767 662 cogetur
797 607 857 649 ad
886 621 1036 662 regem
1066 621 1209 663 usque
1239 608 1286 650 in
1316 613 1466 651 castra
1496 607 1730 664 proficisci.
1765 609 1874 650 Post

172 677 357 720 comitia
388 677 547 720 statim
573 677 703 719 iussit
740 677 870 720 nobis
902 677 1110 733 princeps
1142 679 1262 721 tradi
1294 683 1385 721 tres
1417 679 1527 721 alias
1559 679 1726 728 villas,4
1757 691 1874 734 quae

172 752 301 790 erant
341 762 433 790 non
477 748 543 791 ita
577 748 753 804 pridem
787 748 1011 791 alienatae
1046 749 1104 791 ab
1137 750 1222 791 hac
1269 749 1470 792 abbatia,
1521 749 1720 805 Ideoque
1754 763 1875 792 nova

172 818 440 862 fundatione
470 819 590 875 regia
621 834 735 875 opus
765 819 863 869 erit,
897 834 1036 875 quam
1067 820 1306 863 emendavi
1337 820 1468 863 iuxta
1511 825 1683 876 puncta
1727 821 1875 862 Roma

172 889 232 931 ad
251 904 323 932 me
343 890 492 933 missa.
518 892 619 947 Qua
639 890 907 933 fundatione
928 895 1116 946 accepta
1136 906 1142 934 :
1165 895 1275 934 tunc
1291 891 1489 947 primum
1504 891 1551 933 in
1566 891 1697 933 bonis
1711 890 1832 933 hisce
1847 890 1874 933 6

121 977 159 1005 10
172 960 382 1004 villarum
408 975 500 1004 una
526 976 631 1004 cum
657 961 842 1004 castello
869 961 1215 1004 Monostoriensi
1242 962 1455 1004 abbatiae
1482 961 1648 1004 erimus
1674 961 1873 1017 legitime

171 1032 405 1074 statuendi
445 1037 490 1074 et
532 1037 692 1088 postea
730 1033 842 1075 fines
882 1031 1216 1088 possessionum
1256 1032 1480 1074 lustrandi
1521 1037 1566 1074 et
1608 1031 1870 1074 renovandi.

179 1103 280 1158 Qua
310 1103 365 1145 de
396 1117 441 1146 re
474 1104 534 1146 ad
562 1117 712 1159 regem
742 1103 834 1145 iam
864 1103 1019 1159 scripsi
1050 1108 1095 1144 et
1127 1103 1321 1145 scribam
1352 1103 1500 1145 adhuc
1532 1102 1803 1158 diligentius,
1838 1102 1874 1144 si

173 1173 221 1215 P.
249 1173 446 1216 Lelesius
470 1175 529 1217 ad
552 1189 656 1217 eum
679 1174 1000 1230 proficiscetur.
1028 1174 1193 1216 Sumus
1215 1174 1288 1215 hic
1312 1173 1594 1228 Claudiopoli
1618 1173 1874 1214 sacerdotes

172 1255 212 1298 7.
235 1245 345 1300 Ego,
382 1246 429 1287 P.
466 1245 724 1288 Ludovicus
757 1245 1041 1293 Odescalcus‚
1078 1244 1156 1299 qui
1189 1259 1244 1286 ex
1276 1243 1474 1299 paralysi
1509 1243 1634 1299 pedis
1655 1248 1700 1285 et
1720 1243 1874 1285 lateris

123 1331 160 1358 15
173 1314 342 1357 sinistri
380 1315 472 1358 iam
512 1330 591 1372 per
629 1316 742 1358 duos
774 1328 948 1357 menses
976 1314 1222 1365 decumbit,
1253 1316 1301 1357 P.
1332 1313 1582 1369 Volfangus
1610 1314 1874 1356 Schreckius

173 1386 465 1429 concionator
498 1386 805 1434 Germanicus,
844 1386 892 1428 P.
932 1386 1190 1440 Stephanus
1225 1389 1271 1427 et
1308 1386 1355 1427 P.
1395 1385 1593 1427 Mathias
1627 1384 1875 1427 Tomanius

173 1457 357 1512 Ungari,
390 1462 435 1499 et
465 1457 555 1499 duo
578 1457 653 1499 alii
674 1456 930 1499 sacerdotes
948 1455 1119 1511 Ungari
1141 1455 1307 1498 novicii
1329 1455 1401 1497 hic
1423 1455 1605 1511 recepti.
1626 1455 1831 1511 Magistri
1848 1468 1875 1509 4

174 1527 324 1569 classis
358 1527 659 1570 humanitatis
690 1527 877 1582 primae,
914 1526 1138 1569 secundae
1167 1532 1213 1569 et
1245 1526 1408 1569 tertiae
1440 1526 1786 1576 Grammatices,
1819 1540 1874 1568 ex

172 1598 337 1653 quibus
376 1613 494 1641 unus
533 1603 602 1641 est
642 1598 776 1641 valde
817 1597 990 1647 debilis,
1020 1598 1222 1652 Joannes
1251 1597 1572 1647 Cracoviensis‚
1616 1597 1694 1653 qui
1726 1610 1874 1639 neces-

123 1684 161 1712 20
173 1669 288 1711 sario
325 1669 372 1712 in
410 1669 607 1725 patriam
645 1674 761 1711 esset
799 1668 1114 1719 remittendus,
1149 1668 1186 1711 si
1218 1668 1357 1711 alium
1389 1669 1672 1711 haberemus.
1705 1667 1877 1724 Quinta

171 1740 324 1783 classis
355 1741 613 1790 Rhetorica,
646 1740 751 1782 licet
782 1740 829 1782 in
859 1740 1066 1795 catalogo
1099 1739 1334 1796 promissa,
1368 1739 1572 1782 nondum
1597 1743 1666 1782 est
1689 1744 1874 1795 aperta:

172 1815 273 1853 tum
297 1811 356 1853 ob
381 1811 688 1854 studiosorum
712 1810 992 1860 idoneorum,
1020 1816 1121 1853 tum
1146 1811 1205 1853 ob
1230 1810 1435 1866 magistri
1461 1810 1704 1853 defectum.
1734 1809 1876 1852 Coad-

171 1881 340 1924 iutores
371 1887 477 1925 sunt
509 1895 536 1937 4
567 1882 771 1926 veterani
802 1887 847 1924 et
879 1896 996 1924 unus
1028 1882 1233 1924 novicius
1263 1881 1335 1924 hic
1367 1886 1588 1937 receptus,
1623 1896 1678 1923 ex
1711 1880 1876 1937 quibus

173 1957 329 1995 tamen
351 1958 442 1995 tres
466 1958 573 1996 ante
596 1968 739 1996 unum
760 1967 961 1996 mensem
984 1953 1244 2009 sumptibus
1267 1952 1381 2008 regis
1404 1952 1617 1996 Poloniae
1641 1953 1729 1994 huc
1753 1950 1877 1994 missi

123 2028 292 2066 25sunt.
331 2025 496 2067 Sumus
530 2025 577 2066 in
611 2024 786 2080 magnis
821 2024 1054 2080 angustiis.
1092 2023 1236 2066 Valde
1270 2023 1524 2079 indigemus
1559 2023 1876 2065 concionatore

172 2095 335 2138 saltem
374 2110 466 2138 uno
506 2097 691 2150 Ungaro
732 2100 913 2138 maturo
954 2099 999 2137 et
1040 2095 1155 2137 bene
1195 2095 1344 2144 docto,
1387 2094 1479 2137 imo
1521 2094 1712 2136 duobus.
1756 2094 1876 2135 Nam

174 2166 222 2208 P.
251 2166 510 2222 Stephanus
534 2167 673 2208 habet
700 2180 804 2208 suos
830 2180 989 2216 mores,
1018 2166 1096 2222 qui
1122 2165 1278 2208 multis
1305 2179 1396 2207 non
1422 2165 1687 2221 probantur.
1718 2165 1875 2206 Posset

172 2241 328 2279 tamen
344 2237 518 2279 utiliter
533 2237 606 2279 hic
623 2236 846 2292 occupari.
866 2236 1040 2279 Deinde
1057 2236 1311 2292 indigemus
1327 2250 1418 2277 uno
1436 2240 1481 2277 et
1499 2235 1640 2288 altero
1658 2233 1875 2289 magistro

172 2308 369 2363 Ungaro,
399 2323 479 2364 pro
506 2307 731 2350 rhetorica
756 2312 802 2349 et
828 2307 1131 2350 humanitatis
1157 2312 1202 2348 et
1230 2321 1311 2362 pro
1338 2305 1507 2354 infima,
1532 2305 1569 2347 si
1590 2304 1685 2347 fieri
1707 2309 1872 2361 posset.

123 2392 160 2419 30
173 2379 222 2421 P.
265 2379 555 2422 Everhardus
595 2378 696 2434 piae
736 2378 979 2420 memoriae
1018 2376 1268 2420 Austriacis
1309 2376 1610 2425 commiserat,
1653 2379 1705 2417 ut
1745 2374 1876 2417 nobis

173 2450 408 2505 Ungarum
438 2450 708 2505 magistrum
738 2448 988 2498 mitterent,
1021 2448 1101 2490 sed
1130 2449 1351 2489 hactenus
1381 2446 1493 2489 nihil
1523 2445 1757 2488 miserunt.
1791 2446 1875 2488 Est

171 2519 372 2563 Viennae
408 2522 456 2563 P.
482 2522 660 2563 Marcus
692 2519 954 2563 Sisciensis5
986 2519 1215 2567 Dalmata,
1250 2518 1329 2574 qui
1360 2522 1516 2560 tamen
1548 2516 1632 2559 scit
1664 2516 1876 2572 ungarice

173 2595 218 2632 et
243 2591 375 2634 valde
400 2591 759 2634 commendatur.
787 2592 870 2632 Est
896 2589 1012 2631 forte
1037 2589 1186 2631 adhuc
1209 2588 1256 2630 in
1279 2589 1390 2630 urbe
1416 2589 1463 2630 P.
1492 2587 1715 2630 Martinus
1739 2587 1875 2630 Unde>

173 2663 396 2717 Ungarus,
440 2662 519 2719 qui
569 2662 661 2704 iam
703 2660 899 2703 absolvit
941 2674 1123 2702 cursum
1164 2659 1476 2714 philosophiae
1517 2664 1562 2701 et
1603 2658 1743 2700 istum
1785 2672 1876 2700 non

125 2744 161 2771 35
174 2731 468 2776 reficeremus.
499 2734 614 2775 Sunt
643 2733 691 2774 in
711 2731 897 2775 Austria
918 2730 1123 2786 magistri
1145 2730 1330 2785 Ungari,
1354 2729 1558 2772 Andreas
1581 2729 1872 2784 Polosliczay,

174 2803 253 2858 qui
296 2804 403 2860 legit
448 2804 721 2846 rhetoricam
766 2801 1002 2851 Olomucii,
1050 2800 1312 2843 Leonardus
1347 2800 1689 2856 Scepusiensis,⁶
1720 2799 1798 2855 qui
1829 2799 1876 2840 in

173 2875 462 2917 humanitate
495 2875 626 2917 docet
658 2874 872 2917 Viennae.
908 2873 1023 2915 Sunt
1055 2876 1101 2914 et
1134 2871 1209 2913 alii
1241 2871 1415 2927 aliquot
1447 2871 1626 2914 novicii.
1662 2871 1872 2918 Obsecro,

304 2999 319 3020 4
346 3000 526 3039 TiburCZ,
556 2999 738 3044 Kajanto
764 2998 805 3033 es
832 2997 1083 3042 Bogartelke.

305 3059 319 3079 ⁵
348 3060 442 3094 Irva
467 3060 560 3105 igy:
591 3059 808 3099 Sicciensis‚
837 3059 884 3092 de
914 3057 1034 3091 mivel
1061 3056 1190 3090 Sz'ccz'a
1216 3055 1378 3101 helyseg
1405 3056 1580 3095 nincsen,
1616 3056 1712 3089 csak
1739 3054 1874 3091 Siscia.

130 3117 362 3162 40helyesen
402 3118 604 3153 Sisciensis
635 3129 659 3152 a
683 3128 782 3152 neve
822 3117 951 3151 ennek
991 3126 1014 3149 a
1055 3113 1273 3148 Sziszekrffl
1312 3114 1516 3149 szarmazo
1555 3112 1877 3148 dalmat-horvat

177 3174 442 3220 jezsuitanak.
515 3176 529 3196 Β
556 3176 666 3210 Neve
695 3174 837 3209 tehat:
869 3172 1027 3218 Szepesi
1053 3171 1215 3206 Lenart.
