2188 3535
134 203 224 247 1581
261 211 350 245 aug.
387 201 424 244 8]
897 199 970 233 No.
1008 201 1054 246 56
1749 206 1818 240 147

131 319 333 362 animum
356 317 574 360 exhibuit.
619 317 805 360 Nullum
828 332 1031 373 unquam
1055 316 1192 359 sensit
1217 316 1433 366 taedium,
1474 315 1510 357 si
1534 329 1622 371 quo
1648 314 1820 357 diutius

130 395 509 446 protraxeramus‚
562 392 694 430 tanto
745 388 804 430 ad
854 389 983 444 plura
1033 387 1361 443 suggerendum
1411 401 1482 429 me
1532 386 1817 428 hortabatur.

131 461 285 504 Unum
317 460 568 516 psalmum:
605 459 664 501 In
696 464 733 501 te
765 460 953 501 Domine
986 461 1158 514 speravi
1190 458 1383 514 amplius
1416 457 1664 500 sexcenties
1697 470 1820 512 repe-

130 531 249 574 tivit.
290 530 494 573 Tandem
536 529 770 572 deficiente
811 530 964 585 lingua
1005 529 1075 571 die
1117 529 1310 579 sabbati,
1345 542 1525 572 versum
1564 528 1717 571 illum:
1762 527 1904 569 Iun-12:

82 618 99 645 5
131 616 287 644 manus
327 607 425 644 tuas
465 602 654 642 Domine
694 602 938 643 commendo
980 601 1187 656 spiritum
1227 615 1369 642 meum
1409 604 1480 642 etc.
1524 613 1628 641 cum
1668 598 1822 654 lingua

130 686 221 715 non
241 677 405 728 posset,
428 671 619 714 stridore
651 671 774 714 vocis
797 672 854 714 ab
875 685 1037 714 aurora
1055 685 1197 727 usque
1218 671 1277 714 ad
1295 670 1583 713 undecimam
1602 669 1823 711 indefesse

129 748 348 799 repetens,
383 742 619 793 substitit;
654 757 704 784 ac
736 756 878 798 usque
911 742 969 784 ad
1001 742 1184 784 tertiam
1216 741 1310 784 sine
1341 755 1473 784 sensu
1504 740 1626 783 omni
1657 740 1820 789 iacens,

132 828 269 870 prope
298 818 511 870 quartam
540 813 740 856 animam
770 815 866 856 Deo
895 818 1101 855 sanctam
1129 813 1326 855 reddidit
1355 826 1458 855 vere
1487 812 1588 867 pius
1616 811 1824 867 princeps

130 890 175 927 et
204 884 258 927 de
287 885 511 927 Societate
539 884 710 940 optime
738 884 938 934 meritus,
969 889 1020 926 ut
1049 883 1126 940 qui
1154 888 1331 926 nostros
1358 897 1449 925 non
1476 896 1602 925 secus
1629 896 1681 924 ac
1708 881 1823 923 filios

83 973 117 1000 ιο
129 955 352 998 habuerit.
394 957 462 998 Eo
502 955 732 1006 defuncto,
766 955 849 997 etsi
881 955 1036 997 multis
1075 969 1143 997 res
1182 958 1362 996 nostrae
1400 953 1447 995 in
1486 958 1610 995 arcto
1650 952 1824 1008 positae

130 1026 403 1076 viderentur,
444 1040 509 1076 ac,
547 1031 599 1068 ut
636 1026 702 1068 ita
739 1026 901 1076 dicam,
939 1026 985 1068 in
1020 1026 1096 1068 filo
1133 1025 1326 1081 pendere
1342 1038 1352 1075 ;
1390 1023 1693 1066 nihilominus.
1727 1024 1824 1065 Deo

129 1097 196 1140 ita
216 1112 285 1139 res
306 1102 484 1140 nostras
505 1097 799 1153 gubernante,
825 1111 928 1139 cum
951 1111 1005 1139 ex
1027 1096 1285 1152 proceribus
1307 1095 1455 1137 nullus
1477 1094 1535 1136 sit
1558 1093 1821 1142 catholicus,

129 1168 239 1210 nihil
271 1168 426 1211 mitius
458 1168 543 1210 illis
576 1174 788 1224 expertus
820 1182 933 1210 sum.
970 1168 1068 1209 Imo
1101 1167 1186 1222 ipsi
1218 1165 1449 1214 consolari,
1485 1179 1610 1220 spem
1643 1163 1821 1218 erigere,

130 1239 346 1289 studium,
387 1253 571 1294 operam
610 1244 654 1281 et
693 1239 893 1281 laborem
932 1252 1112 1280 omnem
1152 1236 1367 1280 Societati
1405 1237 1576 1284 offerre,
1630 1234 1824 1290 denique

82 1327 116 1353 15
130 1310 240 1351 nihil
276 1310 485 1352 omittere
522 1324 690 1359 eorum,
729 1323 845 1365 quae
881 1309 941 1351 ad
975 1308 1181 1351 benevoli
1218 1307 1350 1350 amici
1385 1306 1585 1349 officium
1621 1310 1825 1361 spectare

130 1380 404 1430 viderentur,
452 1381 576 1436 quod
631 1385 675 1422 et
731 1380 877 1435 reipsa
916 1379 1254 1435 praestiterunt.
1301 1379 1420 1420 Nam
1463 1391 1579 1433 quae
1623 1390 1649 1418 a
1693 1376 1825 1418 Celsne

131 1451 221 1493 Sua
256 1451 538 1493 aedificando
571 1450 754 1506 collegio
791 1464 970 1492 summa
1005 1450 1220 1505 pecuniae
1257 1449 1480 1504 deputata
1515 1452 1624 1497 erat,
1664 1452 1824 1502 sponte

129 1522 406 1571 obtulerunt,
442 1522 752 1577 ducentosque
779 1521 983 1571 florenos,
1008 1521 1085 1577 qui
1107 1520 1272 1562 residui
1305 1524 1433 1562 erant
1456 1521 1510 1561 R.
1536 1520 1584 1561 P.
1609 1517 1823 1560 Rectori⁷

129 1592 455 1647 persolverunt.
494 1592 639 1634 Iidem
671 1592 756 1648 ipsi
788 1597 995 1634 auctores
1029 1592 1226 1641 fuerunt,
1262 1596 1314 1633 ut
1349 1590 1556 1646 princeps
1589 1603 1732 1644 nuper
1766 1589 1824 1630 ab

81 1678 116 1705 20
129 1663 236 1718 ipsis
264 1663 446 1713 electus,
475 1668 611 1719 prout
639 1663 778 1706 felicis
806 1663 1049 1705 memoriae
1078 1676 1240 1718 parens
1269 1662 1572 1710 ordinaverat,
1604 1674 1631 1702 a
1659 1659 1824 1702 nostris

129 1733 392 1783 erudiretur,
454 1734 815 1790 catholicamque
874 1734 1132 1789 religionem
1191 1733 1356 1789 potius,
1424 1746 1563 1788 quam
1622 1731 1824 1773 arianam

127 1804 411 1860 impietatem
467 1804 719 1847 imbiberet.
766 1806 917 1861 Atque
960 1805 1026 1847 ita
1068 1818 1210 1860 usque
1264 1818 1383 1846 nunc
1442 1817 1511 1845 res
1562 1802 1821 1858 perdurant.

132 1876 199 1918 De
228 1875 381 1918 futuro
408 1876 542 1918 huius
568 1876 692 1932 regni
720 1881 844 1918 statu
874 1877 928 1919 R.
959 1877 1007 1918 P.
1038 1877 1161 1918 Tuae
1192 1875 1382 1917 scribere
1409 1874 1471 1916 nil
1499 1887 1694 1930 possum.
1726 1874 1824 1915 Rex

128 1946 247 1989 enim
291 1947 515 1997 Poloniae‚
561 1947 639 1989 ubi
683 1961 709 1989 a
752 1948 935 1989 Moscho
979 1947 1176 1996 redierit,
1223 1945 1448 1988 arbitratu
1485 1959 1566 1987 suo
1598 1944 1822 1999 disponet,

80 2017 252 2059 250uius
301 2017 348 2059 in
398 2018 709 2060 conservanda
759 2018 985 2060 Societate
1035 2017 1315 2073 diligentiam
1364 2021 1408 2058 et
1459 2015 1819 2063 sollicitudinem,

127 2093 374 2144 quaternae
403 2089 498 2131 eius
526 2089 696 2137 literae,
727 2089 786 2131 ad
813 2103 1016 2144 proceres
1043 2089 1176 2131 huius
1204 2088 1327 2144 regni
1355 2087 1549 2143 scriptae
1576 2090 1817 2128 testantur.

257 2161 353 2215 Ego
394 2159 575 2202 interim
617 2174 721 2201 cum
763 2161 810 2202 P.
855 2160 1045 2216 Georgio
1086 2160 1226 2202 Toros
1267 2159 1409 2201 Albae
1463 2172 1566 2200 cum
1620 2155 1821 2211 principe

126 2230 228 2271 Ill¹¹¹o
282 2245 446 2280 versor,
511 2231 819 2273 coadiutorem
877 2231 1052 2273 nullum
1106 2231 1339 2272 habemus.
1397 2223 1476 2271 Rde
1536 2227 1582 2269 in
1644 2226 1820 2269 Christo

125 2305 266 2356 pater,
311 2301 511 2357 precario
554 2301 766 2351 vivimus,
813 2301 942 2357 quasi
985 2316 1039 2344 ex
1083 2300 1230 2343 culina
1282 2298 1494 2355 principis
1538 2292 1654 2347 Illm³‚
1699 2297 1820 2338 unde

78 2385 114 2412 30
125 2377 320 2427 quantas
332 2373 561 2428 patiamur
575 2372 818 2421 molestias,
836 2373 889 2414 R.
906 2373 954 2414 P.
973 2373 1151 2421 Rector,
1174 2370 1251 2427 qui
1265 2369 1493 2412 interdum
1504 2369 1592 2410 huc
1608 2367 1817 2417 excurrit,

125 2442 268 2485 dicere
304 2448 468 2499 potest.
509 2443 738 2486 Haeretici
775 2448 880 2484 sunt
917 2442 1131 2485 officiales
1167 2455 1335 2490 omnes,
1374 2439 1467 2482 coci
1508 2452 1676 2488 omnes,
1715 2438 1820 2480 aula

124 2518 191 2555 est
241 2513 598 2557 dissolutissima.
653 2514 839 2556 Nullum
889 2519 1069 2569 tempus
1119 2511 1296 2568 prandii
1346 2515 1532 2553 certum.
1581 2509 1818 2552 Interdum

124 2584 272 2635 datur,
311 2585 540 2628 interdum
577 2599 669 2627 non
706 2585 842 2627 datur
858 2598 867 2635 ;
915 2584 1038 2640 quod
1075 2583 1223 2632 datur,
1263 2581 1488 2624 irridendo
1526 2581 1675 2630 datur,
1714 2594 1818 2622 con-

124 2654 345 2706 viciando,
378 2656 607 2699 minando.
644 2656 737 2698 Nos
768 2655 852 2711 ipsi
884 2653 1137 2697 concionari
1172 2653 1387 2696 debemus
1420 2652 1467 2694 in
1500 2651 1701 2707 templo;
1737 2665 1818 2706 ego

79 2725 306 2781 35quidem
350 2732 456 2769 ante
499 2727 753 2782 prandium,
800 2726 945 2768 socius
988 2730 1142 2768 autem
1186 2738 1213 2766 a
1255 2723 1444 2780 prandio
1476 2722 1817 2772 catechismum,

125 2797 364 2840 momentis
384 2798 568 2853 singulis
588 2798 742 2840 adesse
763 2797 978 2840 debemus
998 2795 1191 2852 principi
1210 2809 1362 2850 puero,
1384 2808 1439 2836 ne
1459 2808 1614 2836 curam
1633 2793 1817 2849 quidem

127 2866 285 2909 domus
305 2869 470 2911 habere
501 2883 752 2924 possumus.
782 2868 958 2924 Quaeso
977 2881 1080 2922 ergo
1099 2868 1152 2909 R.
1173 2867 1276 2908 VTam
1301 2879 1380 2921 per
1396 2866 1554 2920 Jesum
1573 2864 1815 2914 Christum,

126 2936 183 2978 sit
217 2938 317 2981 finis
351 2940 539 2983 tandem
574 2940 708 2982 huius
742 2939 818 2982 rei.
856 2939 963 2994 Jam
997 2937 1158 2980 tertius
1193 2936 1334 2979 instat
1370 2950 1527 2986 annus,
1565 2935 1688 2991 quod
1722 2934 1817 2976 sine

127 3007 383 3052 coadiutore
422 3011 506 3052 hoc
548 3011 684 3053 modo
724 3024 898 3053 maneo.
942 3010 1146 3052 Praestet
1186 3007 1297 3050 mihi
1336 3012 1519 3050 tantum
1559 3005 1817 3049 Paternitas

82 3077 198 3118 40V¹³
240 3079 438 3130 tandem,
500 3087 726 3137 quantum
777 3095 868 3123 non
913 3080 1153 3136 denegaret
1199 3078 1270 3122 vel
1314 3077 1572 3127 fortissimo,
1619 3075 1814 3131 assignet

256 3177 268 3198 ⁷
297 3177 340 3211 P.
369 3179 513 3224 Wujek
541 3180 674 3225 Jakab
702 3181 850 3215 rektor.

1611 3236 1675 3272 10*
