2188 3535
842 199 1044 247 Ffiggelek
1718 208 1737 244 3
1744 208 1761 233 1
1771 208 1784 232 1

103 317 235 373 Quod
257 316 379 359 enim
399 319 568 357 natura
589 316 736 366 docet,
769 322 820 360 ut
843 320 983 362 etiarn
1013 320 1272 375 ignotorum
1303 318 1438 360 morti
1469 316 1791 372 collachryme-

96 403 211 438 mus,
245 387 293 429 id
323 387 371 428 in
404 387 559 428 funere
590 388 792 441 parentis
823 391 1011 444 patriae,
1046 390 1146 446 quis
1178 394 1297 432 recte
1329 388 1500 431 inficias
1532 388 1651 430 ibit?

210 459 277 501 Ac
292 457 444 499 videte
466 456 709 507 auditores,
728 459 852 513 quali
873 461 1072 516 principe
1094 460 1243 503 orbati
1263 459 1417 509 simus
1434 459 1587 502 videte
1607 458 1790 515 qualem

98 533 242 573 morte
287 525 426 570 huius
466 527 720 583 respublica
753 529 934 585 plagam
968 531 1204 586 acceperit.
1239 519 1351 574 Cum
1383 530 1503 572 enim
1534 529 1658 572 nulla
1690 543 1791 572 meo

50 620 71 648 5
98 600 282 657 quidem
298 598 477 648 iudicio,
497 598 732 653 provincia
750 599 973 642 difficilior
990 602 1062 650 sit,
1082 615 1221 656 quarn
1238 615 1380 644 unum
1398 600 1553 643 multis
1571 613 1788 655 praeesse,

98 670 368 726 reipublicae
384 670 559 712 clavem
575 672 740 719 tenere,
751 670 974 712 moderari
985 686 1153 722 omnes,
1167 677 1217 715 ut
1229 672 1314 714 rite
1326 676 1370 713 et
1383 669 1554 712 miseris
1565 670 1791 726 refugium

99 747 143 784 et
166 741 295 784 malis
316 740 533 795 pernicies
554 739 627 790 sit,
664 738 737 781 hic
757 740 971 796 singulari
993 743 1192 798 quodam
1212 742 1409 785 numinis
1431 742 1549 783 dono
1571 741 1791 783 excellens

98 814 145 855 in
170 812 380 855 omnibus
406 811 675 860 habebatur,
704 810 799 853 sive
823 816 998 866 spectes
1024 813 1303 869 aequitatem
1328 813 1375 854 in
1401 811 1669 862 miserando,
1697 811 1791 853 sive

99 883 452 925 misericordiam
496 881 544 922 in
590 881 834 936 puniendo,
883 882 977 924 sive
1015 884 1304 938 prudentiam
1336 883 1383 924 in
1417 881 1788 924 administrando.

52 974 88 1002 10
100 954 194 996 Nec
219 954 395 996 iniuria.
438 953 572 1002 Nam,
601 951 639 993 si
666 952 849 1007 Ulysses
876 952 948 994 ille
975 955 1241 1008 prudentiae
1282 955 1403 996 fama
1442 953 1693 995 celebratur
1732 952 1790 994 ab

101 1025 314 1074 Homero,
346 1024 470 1080 quod
498 1037 644 1066 mores
673 1023 909 1065 hominum
938 1024 1185 1067 multorum
1214 1024 1399 1066 vidisset
1429 1028 1473 1065 et
1504 1024 1649 1072 urbes,
1681 1022 1792 1078 quid

100 1100 253 1138 noster
277 1095 351 1137 hic
377 1095 560 1150 Ulysses
586 1094 766 1136 minus?
796 1095 875 1150 qui
900 1094 979 1136 vix
1005 1096 1114 1137 dum
1139 1096 1328 1150 pueriles
1354 1106 1495 1136 annos
1521 1105 1787 1141 emmensus,

101 1166 258 1209 Carolo
286 1166 448 1222 quinto
475 1165 738 1221 imperatori
765 1170 921 1207 nostra
949 1167 1165 1208 memoria
1193 1165 1436 1208 fortissimo
1464 1167 1509 1206 et
1538 1164 1789 1205 felicissimo

101 1237 342 1280 adiunctus
365 1236 560 1287 fuisset,l
586 1239 698 1292 quot
727 1236 802 1278 alii
835 1233 1035 1287 urbibus,
1069 1237 1261 1278 totidem
1281 1237 1353 1278 ille
1379 1251 1406 1278 a
1426 1249 1471 1277 se
1492 1232 1599 1275 visis
1631 1234 1791 1276 lustra-

54 1308 250 1363 15tisque
286 1308 528 1363 provinciis
565 1307 744 1364 gloriari
779 1311 974 1362 poterat.
1014 1308 1124 1349 Erat
1162 1308 1406 1362 imperator
1442 1305 1528 1354 ille,
1566 1308 1617 1346 ut
1654 1304 1789 1352 scitis,

100 1392 341 1435 regnorum
387 1379 517 1434 copia
563 1378 856 1428 felicissimus,
905 1382 1079 1433 septem
1126 1378 1450 1433 Hispaniarum
1495 1388 1644 1431 regna,
1677 1388 1792 1417 unus

102 1450 445 1500 manutenebat,
484 1449 694 1498 Siciliam,
733 1449 1001 1498 Sardiniam,
1039 1449 1357 1498 Mediolanum,
1395 1460 1582 1502 regnum
1617 1446 1793 1500 Neapo-

102 1521 298 1563 litanum
338 1521 536 1576 regebat.
589 1521 711 1576 Quas
753 1534 844 1562 non
886 1520 1018 1562 urbes
1061 1519 1326 1562 Germaniae
1367 1516 1554 1573 imperio
1596 1515 1789 1572 pressit?

103 1592 261 1634 Partes
282 1591 525 1642 inferiores,
556 1591 837 1634 haereditate
858 1590 921 1632 illi
942 1592 1235 1641 obvenerant,
1266 1589 1513 1646 superiores
1542 1586 1794 1643 provincias

55 1682 92 1711 20
104 1676 157 1705 ac
175 1662 415 1717 imperium
433 1662 583 1717 ipsum
601 1663 773 1705 virtute
792 1662 936 1718 magis
956 1661 1128 1712 bellica,
1149 1675 1289 1717 quam
1309 1660 1524 1703 electione
1543 1659 1792 1701 domuerat.

105 1733 282 1776 Horum
313 1733 517 1776 omnium
548 1738 619 1776 tot
650 1747 904 1789 regnorum,
938 1736 1009 1775 tot
1042 1733 1390 1788 provinciarum,
1439 1734 1510 1772 tot
1542 1730 1795 1785 linguarum

105 1804 328 1847 varietate
370 1804 790 1855 diversissimarum,
834 1804 1129 1847 multitudine
1170 1803 1451 1845 infinitarum
1491 1802 1638 1850 urbes,
1681 1812 1795 1841 unus

104 1875 178 1918 hic
197 1879 350 1918 noster
368 1889 460 1918 non
480 1875 596 1918 vidit
617 1876 767 1926 modo,
789 1876 868 1918 sed
887 1879 932 1917 et
951 1875 1180 1925 lustravit,
1202 1888 1347 1930 neque
1366 1872 1578 1916 lustravit
1598 1875 1794 1916 tantum,

105 1947 185 1989 sed
214 1951 259 1989 et
290 1947 507 1989 diuturna
537 1947 862 1990 consuetudine
892 1960 1038 1989 mores
1068 1950 1113 1988 et
1143 1946 1318 2001 linguas
1349 1942 1598 1999 perdidicit.
1631 1940 1797 1995 Explo-

58 2022 207 2065 25rata
233 2017 296 2059 illi
324 2018 447 2059 fuere
475 2017 801 2073 Hispaniarum
826 2031 977 2073 regna,
1003 2017 1280 2059 Brabantiae
1301 2016 1446 2063 urbes,
1471 2012 1796 2066 Flandriaeque

105 2092 379 2144 perspectae,
414 2087 681 2131 Germaniae
711 2089 822 2131 fines
853 2088 1093 2144 peragrati,
1130 2087 1288 2129 Italiae
1319 2099 1409 2127 non
1444 2082 1668 2139 neglecti.2

225 2159 323 2201 Iam
349 2173 456 2201 vero
484 2160 808 2203 consuetudine
834 2159 1118 2215 imperatoris
1146 2155 1495 2213 prudentissimi,
1529 2153 1638 2209 quid
1665 2156 1797 2207 puta·

107 2229 167 2271 tis
200 2244 304 2272 cum
339 2230 560 2282 didicisse,
596 2231 681 2273 nisi
714 2231 761 2272 in
794 2232 927 2273 rebus
962 2229 1225 2272 definiendis
1259 2227 1559 2283 prudentiam,
1588 2223 1633 2265 in
1656 2222 1798 2264 admi-

108 2301 354 2344 nistrandis
395 2302 715 2352 constantiam,
757 2302 805 2343 in
845 2300 1125 2357 perficiendis
1166 2298 1454 2341 celeritatem.
1498 2294 1643 2338 Sensit
1684 2294 1801 2335 hanc

61 2395 98 2424 30
110 2372 204 2414 eius
225 2372 423 2414 indolem
445 2373 645 2427 Joannes
668 2371 899 2415 Secundus
920 2372 1090 2415 electus
1112 2383 1192 2412 rex
1213 2367 1486 2422 Hungariae,
1516 2377 1623 2408 nam
1643 2364 1802 2406 statim

109 2457 163 2485 ac
196 2457 243 2485 se
278 2444 465 2485 domum
499 2458 526 2485 a
561 2444 718 2486 Carolo
752 2444 934 2499 recepit,
971 2447 1022 2484 ut
1054 2441 1285 2489 virtutem,
1318 2451 1457 2494 quam
1479 2435 1802 2478 consuetudine

109 2514 232 2556 tanti
253 2514 466 2569 principis
488 2515 741 2570 collegerat,
758 2515 806 2556 in
827 2514 1025 2570 patriam
1047 2513 1281 2559 conferret,
1299 2510 1473 2564 legatus
1495 2508 1553 2549 ab
1571 2505 1729 2549 eodem
1746 2506 1804 2548 ad

112 2585 362 2627 Henricum
386 2599 537 2641 regem
563 2585 812 2628 Galliarum
839 2586 987 2628 dictus
1014 2583 1119 2627 est.3
1157 2582 1302 2636 Quam
1331 2578 1615 2634 legationem,
1647 2577 1684 2618 si
1713 2590 1805 2618 non

112 2669 170 2698 ex
210 2656 325 2712 regis
367 2655 435 2698 sui
476 2657 703 2699 sententia
733 2656 1009 2704 confecisset,
1042 2665 1275 2706 nunquam
1311 2650 1373 2691 illi
1410 2653 1590 2690 tantam
1625 2647 1805 2689 honoris

65 2767 102 2795 35
258 2755 272 2776 ²
297 2754 356 2788 Ez
382 2755 559 2796 erdekeS,
596 2756 824 2791 ismeretlen
858 2754 1002 2790 adatot
1035 2751 1122 2793 meg
1152 2748 1304 2794 csupan
1331 2759 1407 2793 egy
1432 2746 1562 2781 masik
1592 2745 1806 2791 foljegyzes

115 2813 259 2855 boviti,
285 2814 392 2859 mely
418 2814 565 2849 szerint
590 2814 637 2848 V.
666 2813 820 2859 Keiroly
850 2812 1006 2848 csaszar
1030 2807 1266 2844 udvaraban
1300 2806 1493 2850 1546—47
1512 2805 1609 2839 kozt
1627 2804 1808 2846 Bathory

118 2872 276 2908 Kristof
319 2873 518 2908 «Bereiter
551 2873 621 2909 der
662 2872 937 2908 Kaiserlichen
978 2868 1137 2903 Pserde»
1181 2867 1294 2907 volt;
1336 2876 1382 2900 az
1420 2863 1581 2907 Erde'lyi
1623 2863 1808 2897 Mazeum

122 2941 231 2976 1910.
263 2932 342 2967 evi.
374 2941 433 2978 53.
460 2933 486 2968 1.

261 2992 276 3013 ²
302 2991 413 3026 Ezek
437 3002 483 3026 az
501 2992 641 3036 eletraj
648 2991 684 3026 zi
701 2989 854 3026 adatok
871 2988 961 3033 meg
975 2983 1242 3021 becsesebbek
1260 2983 1302 3017 es
1321 2982 1498 3018 valoban
1517 2979 1808 3016 ismeretlenek.

70 3061 108 3089 40
261 3050 277 3071 ³
303 3050 487 3095 Bathory
515 3050 673 3085 Kristof
701 3058 795 3094 1557
824 3047 941 3082 oszen
965 3045 1048 3091 jart
1073 3042 1345 3087 kovetsegben
1372 3040 1428 3075 ΙΙ.
1453 3038 1608 3074 Henrik
1634 3038 1811 3073 franczia

121 3107 252 3155 kiraly
269 3109 507 3144 udvaraban
525 3109 567 3143 es
589 3110 681 3153 1558
701 3106 897 3143 tavaszan
915 3104 1096 3139 erkezett
1112 3101 1241 3136 vissza
1258 3113 1267 3141 ;
1292 3099 1432 3133 Veress
1451 3098 1608 3132 Endre2
1637 3096 1812 3132 Izabella

121 3167 304 3213 kiralyne
332 3167 569 3214 (Budapest,
602 3166 726 3211 1901.)
756 3167 843 3209 460.
869 3165 895 3199 1.
