2188 3535
357 233 426 268 166
1120 221 1195 256 No.
1225 224 1272 265 58
1717 222 1827 265 [1581
1865 232 1953 266 aug.
1991 234 2037 258 22

351 363 407 391 ex
450 347 646 395 Polonia,
690 356 806 385 unus
847 341 1099 382 Germanus
1140 342 1186 380 et
1227 338 1318 380 duo
1360 337 1530 388 Poloni,
1574 337 1772 387 iuvenes,
1816 338 2040 381 imberbes

352 424 396 461 et
421 417 641 464 indomiti,
668 417 886 455 sarctores
909 414 954 451 et
979 408 1204 464 pelliones.
1232 410 1271 451 E
1295 409 1459 465 quibus
1483 423 1600 451 unus
1624 408 1821 450 Mathias
1845 409 2041 451 Polonus

351 486 611 543 aliquandiu
645 497 798 525 curam
832 479 997 522 infirmi
1031 479 1174 535 patris
1207 479 1425 522 Ludovici
1457 479 1632 528 habuit,
1669 492 1821 521 mense
1855 479 2041 522 tandem

351 559 472 613 Julio
520 555 697 598 occulta
745 551 946 607 agitatus
994 550 1218 593 diabolica
1265 550 1533 599 tentatione,
1586 549 1772 591 accessit
1822 554 2041 592 rectorem

351 633 394 670 et
424 641 526 669 cum
554 637 718 679 magna
746 620 1054 676 indignatione
1083 621 1215 675 petiit
1245 620 1427 663 dimitti.
1458 620 1682 664 Dimissus
1711 624 1778 662 est
1795 633 1804 670 ;
1836 620 1946 663 data
1973 625 2040 663 est
2071 636 2089 664 5

350 698 411 739 illi
440 695 578 739 vestis
607 699 652 737 et
682 693 925 736 viaticum:
959 693 1140 734 recessit
1169 706 1224 734 ex
1253 691 1450 747 collegio,
1475 691 1592 733 clam
1621 705 1676 732 ex
1706 690 1922 734 sarctoria
1950 705 2041 733 non

350 768 504 824 paucis
530 766 662 808 rebus
688 777 840 806 secum
867 762 1032 805 ablatis
1052 775 1060 812 ;
1090 776 1172 804 nec
1197 762 1267 805 his
1293 767 1535 804 contentus
1562 762 1697 803 homo
1724 761 1902 817 impius,
1932 761 2042 804 dum

349 837 538 880 studiosi
566 836 756 879 maiores
782 834 828 875 in
856 833 1018 875 scholis
1039 833 1253 875 lectiones
1275 832 1498 882 audirent,
1522 832 1746 887 ingressus
1768 846 1846 887 per
1867 837 2042 876 tectum

349 909 555 951 cubicula
584 921 738 950 eorum
768 910 813 947 et
842 909 991 947 vestes
1020 903 1193 960 aliquot
1212 903 1461 959 Ungaricas
1491 903 1708 952 meliores,
1740 902 1851 945 item
1880 903 2042 946 fibulas

349 984 583 1035 argenteas
611 983 655 1019 et
683 976 897 1033 gladium,
927 989 996 1017 res
1023 974 1069 1016 in
1097 975 1359 1018 universum
1389 984 1440 1027 15
1470 979 1550 1016 aut
1583 974 1635 1016 16
1663 979 1908 1024 scutorum,
1938 975 2041 1017 sub·
2056 990 2091 1017 10

349 1051 489 1093 traxit
520 1054 565 1092 et
596 1048 720 1091 abiit.
755 1046 954 1089 Studiosi
984 1046 1062 1088 ubi
1092 1045 1280 1088 domum
1310 1045 1552 1094 venissent,
1586 1058 1690 1086 cum
1720 1059 1788 1086 res
1818 1058 1922 1087 suas
1952 1059 2043 1087 non

348 1121 638 1169 invenissent,
688 1122 931 1173 coeperunt
978 1117 1083 1159 hinc
1130 1116 1233 1159 inde
1281 1130 1360 1172 per
1406 1115 1607 1158 diversas
1654 1115 1751 1158 vias
1798 1115 2043 1158 discurrere

349 1191 525 1241 armati,
567 1205 594 1233 a
631 1189 776 1232 iudice
815 1202 995 1244 quoque
1034 1187 1131 1230 dati
1169 1192 1275 1230 sunt
1314 1187 1505 1237 lictores,
1541 1185 1618 1242 qui
1650 1185 1858 1228 iuvarent
1899 1186 2044 1229 furem

349 1262 632 1317 investigare.
658 1262 822 1316 Sparsa
843 1264 910 1301 est
933 1259 1091 1301 statim
1113 1258 1235 1300 fama
1257 1272 1335 1313 per
1355 1258 1514 1299 urbem
1536 1257 1765 1313 quendam
1786 1257 2044 1311 Jesuvitam

350 1348 418 1376 res
449 1332 754 1376 studiosorum
786 1330 907 1372 furto
939 1329 1184 1371 sustulisse.
1217 1328 1427 1384 Quidam,
1451 1342 1506 1370 ex
1539 1327 1755 1370 ministris
1786 1328 1833 1370 in
1863 1328 2045 1384 propria
2058 1343 2092 1370 15

351 1418 542 1460 persona
571 1403 799 1445 insecutus
827 1406 894 1442 est
924 1400 984 1442 ad
1012 1400 1101 1442 duo
1131 1399 1338 1442 milliaria
1360 1399 1587 1454 Ungarica
1609 1413 1765 1441 versus
1794 1398 2041 1448 Poloniam,

350 1481 401 1517 ut
427 1475 462 1517 si
486 1473 684 1517 invenire
709 1477 873 1528 posset,
900 1472 1273 1526 comprehensum
1297 1470 1528 1512 reduceret
1553 1474 1599 1512 et
1623 1470 1823 1512 traderet
1848 1469 2045 1512 carnifici

351 1546 410 1588 ad
440 1543 818 1600 suspendendum,
859 1547 903 1584 et
934 1542 1111 1597 gloriari
1143 1545 1293 1598 posset
1325 1555 1380 1582 ex
1403 1540 1622 1595 Jesuvitis
1657 1540 1748 1582 iam
1778 1555 1920 1582 unum
1951 1554 2044 1582 sus-

353 1631 542 1672 pensum
587 1615 705 1657 esse!
754 1613 1134 1656 Animadvertens
1178 1618 1332 1654 autem
1379 1611 1559 1653 furcifer
1603 1611 1688 1661 ille,
1723 1611 1846 1667 quod
1877 1611 2044 1667 ubique

352 1702 430 1742 per
452 1701 607 1729 omnes
630 1685 726 1728 vias
749 1689 1052 1740 quaereretur,
1078 1683 1236 1725 eadem
1260 1682 1330 1724 die
1354 1682 1470 1724 clam
1494 1681 1539 1723 in
1562 1681 1799 1724 civitatem
1822 1696 2093 1738 regmssusm

351 1763 418 1800 est
452 1762 496 1800 et
531 1771 609 1812 per
641 1758 825 1798 hortum
859 1760 1079 1804 nostrum,
1115 1754 1264 1796 insciis
1297 1753 1439 1802 nobis,
1475 1753 1521 1794 in
1554 1752 1789 1808 collegium
1823 1752 2046 1808 ingressus

350 1828 552 1870 ascendit
581 1827 640 1869 ad
668 1826 828 1868 turrim
857 1831 901 1867 et
931 1826 1015 1867 sub
1043 1829 1165 1867 tecto
1194 1824 1366 1880 templi,
1396 1824 1571 1879 integra
1593 1823 1722 1879 quasi
1759 1824 2047 1866 hebdomada

352 1899 543 1940 delituit.
579 1898 704 1941 Clam
736 1902 875 1939 noctu
907 1896 1058 1938 cibum
1090 1895 1129 1937 ei
1161 1895 1424 1937 deferebant
1456 1908 1567 1949 puer
1594 1894 1779 1936 rectoris
1807 1894 2046 1937 saecularis

353 1970 549 2012 Polonus
584 1974 628 2011 et
665 1968 777 2010 alius
813 1968 952 2009 frater
988 1967 1183 2009 Polonus
1217 1970 1401 2015 sarctor,
1440 1965 1518 2021 qui
1553 1965 1686 2007 simul
1721 1970 1907 2008 venerat
1943 1979 2046 2008 cum

355 2041 441 2083 isto
486 2040 594 2082 fure.
649 2038 857 2095 Quadam
901 2038 972 2080 die
1016 2037 1220 2079 minister
1263 2051 1369 2079 casu
1414 2036 1677 2078 ascenderat
1722 2036 1781 2078 ad
1824 2036 2094 2092 templum25

353 2116 398 2153 et
442 2111 555 2153 vidit
598 2110 660 2152 ibi
703 2110 847 2151 furem
890 2108 1227 2150 delitescentem
1247 2121 1257 2158 ς
1302 2112 1437 2150 vocat
1479 2107 1774 2150 hortulanum
1816 2112 1861 2149 et
1903 2121 2046 2150 unum

353 2197 407 2223 ex
431 2181 637 2237 patribus
660 2180 866 2236 Ungaris,
897 2179 974 2236 qui
997 2180 1371 2235 comprehensum
1395 2178 1681 2220 deduxerunt
1706 2178 1765 2220 ad
1786 2178 2045 2220 cubiculum

353 2252 548 2301 rectoris,
583 2251 661 2307 qui
692 2256 802 2293 tunc
834 2251 991 2293 aberat
1023 2250 1153 2292 Alba,
1189 2249 1380 2292 Ponitur
1410 2249 1470 2291 ad
1501 2254 1681 2291 noctem
1714 2249 1773 2291 ad
1804 2253 2041 2291 catenam:

352 2338 528 2365 summo
559 2336 691 2365 mane
721 2322 767 2363 in
797 2326 923 2364 veste
954 2320 1170 2377 pastorali
1200 2321 1260 2363 ad
1289 2325 1489 2363 castrum
1519 2325 1726 2362 nostrum
1756 2320 1946 2362 eductus
1976 2324 2043 2362 est

352 2399 397 2436 et
435 2394 480 2435 in
518 2408 739 2435 carcerem
777 2392 1018 2435 coniectus.
1059 2391 1218 2434 Visum
1256 2396 1324 2434 est
1362 2396 1517 2433 autem
1564 2391 1764 2433 detinere
1813 2404 1916 2432 eum
1967 2403 2093 2446 perao

353 2479 565 2514 mensem,
608 2478 664 2506 ne
703 2464 750 2506 in
790 2477 951 2506 manus
991 2463 1320 2505 haereticorum
1361 2467 1441 2504 aut
1483 2461 1788 2504 studiosorum
1828 2461 2043 2503 incideret

354 2540 397 2577 et
423 2535 793 2590 suspenderetur:
822 2549 973 2576 mense
997 2538 1240 2584 transacto,
1260 2537 1398 2575 noctu
1422 2533 1581 2575 itinere
1605 2532 1738 2575 unius
1762 2531 1849 2574 diei
1874 2531 2044 2574 famulo

355 2610 507 2647 nostro
541 2606 787 2648 comitante
822 2605 1056 2648 Poloniam
1089 2618 1244 2647 versus
1278 2604 1500 2646 deductus
1532 2608 1612 2646 est.
1649 2605 1750 2654 Res,
1775 2616 1888 2659 quas
1922 2602 2044 2644 furto

356 2681 451 2718 tam
485 2691 539 2717 ex
574 2676 768 2732 collegio,
806 2690 944 2732 quam
979 2690 1006 2718 a
1040 2675 1252 2717 studiosis
1284 2675 1546 2724 abstulerat,
1572 2688 1726 2716 omnes
1761 2673 2043 2729 recuperavit

357 2746 559 2788 minister
607 2752 650 2788 et
700 2747 899 2789 restituit
948 2746 1174 2789 studiosis.
2056 2755 2091 2782 35

472 2817 553 2858 Isti
594 2822 699 2859 sunt
741 2818 915 2860 fructus
957 2817 1140 2873 perbelli
1176 2815 1337 2858 furoris
1371 2815 1529 2858 Gallici
1571 2821 1615 2858 et
1658 2815 2042 2857 tumultuosarum

357 2887 629 2929 missionum.
654 2888 783 2930 Tales
804 2888 934 2930 nobis
956 2887 1143 2930 Polonia
1166 2886 1310 2929 mittit
1333 2886 1583 2941 operarios:
1619 2891 1665 2928 et
1688 2886 1861 2936 volunt,
1886 2890 1938 2927 ut
1958 2886 2044 2927 hoc

357 2957 589 3012 collegium
633 2973 713 3013 pro
752 2959 982 3002 noviciatu
1023 2957 1232 3001 Polonico
1275 2957 1336 3010 (in
1375 2970 1465 3012 quo
1505 2961 1601 2998 tam
1640 2957 1752 2999 bene
1791 2956 2044 2998 didicerunt

358 3028 494 3070 furari
527 3027 700 3083 fratres)
738 3030 883 3072 solvat
917 3043 1001 3083 300
1033 3043 1191 3071 aureos
1223 3027 1406 3082 singulis
1439 3027 1579 3069 annis.

473 3099 639 3147 Habes,
690 3100 824 3142 Pater
873 3099 1148 3149 Reverendo,
1199 3098 1367 3154 primas
1414 3097 1704 3148 tentationes,
1755 3097 2091 3153 probationes4o

358 3174 401 3212 et
433 3169 633 3212 miserias
663 3170 795 3212 huius
826 3170 1007 3227 collegii.
1056 3171 1186 3212 Nunc
1213 3170 1335 3212 Tuae
1363 3163 1437 3211 Ptis
1463 3174 1529 3211 est
1569 3169 1638 3211 his
1665 3168 1794 3211 malis
1821 3174 1865 3211 et
1893 3168 2043 3211 incon-
