2188 3535
347 181 417 215 272
690 141 693 143 -
1113 159 1187 193 NO-
1218 159 1268 203 89
1662 159 1778 205 [1583
1812 157 1956 193 marcz.
1995 159 2038 194 18

348 294 448 331 sent
472 288 565 328 iure
592 284 674 339 (uti
699 280 841 324 coloni
865 279 1097 321 affirmant
1121 276 1264 331 posse)
1293 275 1559 331 recuperari,
1604 275 1803 318 multum
1825 274 2042 318 utilitatis

348 357 530 412 collegio
563 356 785 397 afferrent.
822 351 960 392 Prata
991 347 1102 389 item
1133 350 1179 388 et
1211 345 1300 388 alia
1331 346 1569 402 quaedam.

480 428 623 479 Prope
653 421 872 477 piscinam
902 418 1016 460 situs
1047 421 1115 458 est
1146 430 1290 472 pagus
1320 416 1508 472 quidam
1540 416 1722 459 nomine
1752 415 2037 473 Gyulatelke,

347 511 481 553 quem
515 494 620 536 olim
653 491 715 532 illi
748 490 868 532 idern
902 486 1125 536 monachi,
1159 501 1353 543 quorum
1384 492 1481 530 erat
1503 486 1687 543 piscina,
1712 486 2037 543 possidebant;

349 566 483 610 modo
509 568 662 606 autem
689 559 850 602 nobilis
876 558 1063 614 quidam
1090 557 1361 607 adolescens,
1395 572 1532 614 quem
1557 572 1636 600 rex
1662 557 1709 599 in
1737 557 1921 601 Italiam
1946 562 2040 600 stu·
2072 568 2089 596 5

348 636 523 678 diorum
549 646 684 674 causa
708 630 876 673 mittet.
906 629 963 677 Is,
991 642 1095 670 cum
1119 628 1177 670 sit
1203 628 1464 677 catholicus,
1493 628 1673 670 dicebat
1698 628 1822 678 mihi,
1850 642 1896 671 se
1920 629 2041 672 bona

347 702 620 747 conscientia
658 701 785 742 illum
825 713 993 756 pagum
1033 713 1124 741 non
1165 713 1294 754 posse
1335 699 1575 754 possidere,
1618 699 1809 755 ideoque
1848 699 2044 742 libenter

347 774 475 818 nobis
505 774 624 822 dare,
656 771 792 814 modo
821 785 900 812 rex
929 769 1069 812 alium
1098 769 1183 811 sibi
1212 769 1404 812 similem
1434 770 1576 812 daret.
1609 770 1682 812 Ad
1711 769 1968 813 custodiam
1996 774 2042 813 et

346 859 500 887 curam
537 842 735 899 piscinae
769 840 1070 883 necessarium
1109 844 1176 882 est
1214 854 1296 882 nos
1333 840 1396 882 ibi
1433 841 1598 883 habere
1636 840 1709 883 vel
1746 855 1928 896 pagum,
1969 841 2042 884 vel

342 916 516 971 aliquos
547 914 709 956 saltem
740 912 933 954 colonos.
2058 921 2092 949 10

476 986 530 1027 In
567 983 771 1038 Kajanto
806 986 958 1038 posset
993 981 1172 1023 institui
1207 981 1488 1037 praediolum
1523 982 1675 1031 etiam,
1713 982 1837 1038 quod
1871 987 2041 1025 terram

342 1057 483 1099 habet
509 1055 620 1098 satis
646 1054 858 1109 amplam,
888 1052 967 1094 ubi
993 1053 1145 1100 boves,
1175 1066 1340 1094 vaccae
1367 1057 1413 1094 et
1439 1053 1564 1108 porci
1602 1053 1661 1095 ali
1699 1057 1896 1109 possent,
1935 1067 2043 1096 oves

344 1128 468 1176 item,
499 1125 708 1183 quamvis
734 1139 815 1180 pro
842 1123 1005 1166 ovibus
1031 1123 1252 1165 salubrior
1279 1127 1399 1166 terra
1425 1128 1493 1166 est
1520 1123 1567 1165 in
1593 1125 1839 1166 Monostor.

478 1198 531 1239 In
563 1210 740 1239 summa
771 1194 1014 1250 praecipua
1044 1193 1160 1236 ratio
1192 1193 1458 1236 meliorandi
1488 1200 1738 1250 proventus
1768 1194 1940 1251 collegii
1971 1200 2040 1238 est

345 1268 531 1325 praedia
559 1267 778 1309 instruere
807 1265 1058 1322 pecoribus,
1091 1270 1136 1307 et
1167 1270 1419 1307 sementem
1454 1265 1599 1308 facere
1628 1265 1675 1307 in
1705 1265 1870 1321 copia.l
2058 1275 2092 1303 15

2168 662 2174 731 ἐ

2169 742 2178 1053 ἱ

473 1371 701 1422 Ηάίῖαρ]’(ἰη
723 1384 736 1410 .·
771 1368 1012 1409 Memoriale
1045 1369 1097 1408 de
1131 1368 1253 1408 bonis
1286 1369 1641 1421 Claudiopolitani
1675 1369 1846 1421 collegii.

617 1460 806 1503 (Eredeti‚
835 1458 1059 1504 sajatkezi'Q
1089 1469 1112 1493 a
1142 1459 1436 1504 Jezsuita-rend
1465 1458 1771 1502 leveltaraban.)

1161 1611 1233 1656 89.

819 1712 867 1753 K
870 1712 1073 1761 olozsvcir,
1108 1713 1222 1766 1583
1253 1713 1467 1755 mcirczius
1498 1713 1566 1755 18.

406 1814 450 1853 P.
482 1814 707 1853 Possevino
733 1814 864 1854 Antal
889 1815 1162 1867 szabalyzata
1188 1828 1213 1854 a
1239 1814 1474 1854 kolozsvari
1500 1814 1795 1854 szeminarium
1821 1816 1990 1856 reszere.
2059 1818 2094 1846 2⁰

359 1910 490 1951 Ratio
523 1911 751 1953 seminarii
781 1912 1000 1966 pontificii
1032 1916 1069 1954 et
1100 1913 1212 1966 regii
1244 1912 1586 1954 administrandi
1617 1925 1643 1953 a
1675 1911 1728 1954 R.
1763 1912 1817 1954 P.
1852 1912 2046 1955 Antonio

508 1981 749 2024 Possevz'no
779 1983 1048 2038 praescripta
1080 1982 1372 2038 Claudiopoli,
1406 1983 1476 2025 die
1506 1984 1574 2025 18.
1609 1983 1771 2025 Martii
1801 1984 1927 2037 1583.

489 2087 708 2142 Quamvis
744 2089 968 2132 interioris
1005 2090 1242 2133 charitatis
1278 2091 1363 2140 lex,
1404 2105 1543 2146 quam
1582 2089 1786 2133 Chn'stus
1822 2089 2045 2134 Dominus
2183 2081 2188 2199 1

356 2157 594 2214 unicuique
618 2160 862 2203 christiano
886 2166 930 2203 et
954 2162 1209 2204 orthodoxo
1233 2176 1313 2217 per
1335 2161 1545 2217 spiritum
1569 2165 1779 2204 sanctum
1802 2161 2042 2217 impressit,

351 2242 403 2269 ea
437 2228 508 2277 sit,
546 2244 661 2285 quae
696 2231 922 2274 seminarii
956 2232 1221 2288 praefectos,
1258 2237 1303 2275 et
1339 2237 1436 2275 tam
1470 2246 1557 2282 eOS,
1583 2232 1661 2288 qui
1694 2231 1779 2274 illis
1812 2236 2093 2288 praesunt,25
2184 2204 2188 2260 Ι

350 2313 488 2353 quam
511 2300 633 2348 alios,
654 2302 731 2357 qui
753 2302 815 2344 eis
837 2303 1104 2352 subdantur,
1124 2318 1254 2359 agere
1276 2317 1328 2346 ac
1350 2302 1537 2359 dirigere
1559 2303 1737 2352 debeat,
1760 2307 1813 2344 ut
1835 2302 1882 2345 in
1903 2303 2045 2346 omni-
2184 2267 2188 2423 1

352 2369 436 2410 bus
466 2369 525 2420 id,
564 2373 687 2427 quod
730 2373 909 2416 divinae
952 2374 1149 2416 bonitati
1195 2388 1479 2430 summopere
1522 2376 1684 2429 placet,
1729 2378 1870 2430 atque
1912 2374 2046 2416 rebus

352 2440 542 2494 publicis
581 2447 625 2484 et
664 2444 810 2499 regnis
848 2449 916 2486 est
954 2445 1165 2494 salutare,
1207 2445 1443 2500 diligenter
1479 2444 1758 2501 perquirant,
1799 2459 1852 2486 ac
1890 2444 2046 2487 sedulo
2186 2437 2188 2484 l

352 2509 397 2550 in
432 2524 526 2552 rem
561 2513 750 2556 conferri
786 2520 972 2557 curent:
1011 2515 1227 2572 quoniam
1262 2520 1418 2558 tamen
1453 2515 1605 2557 suavis
1640 2514 1822 2557 divinae
1857 2514 2044 2571 disposi-
2186 2535 2188 2564 1

353 2578 488 2621 tionis
510 2583 618 2625 ordo
641 2585 841 2640 requirit,
866 2590 918 2627 ut
941 2586 981 2628 ei
1003 2601 1306 2642 cooperemur,
1348 2586 1587 2642 mediaque
1610 2586 1686 2628 illa
1708 2590 1753 2628 et
1776 2586 2093 2629 methodum-3⁰

351 2649 659 2703 adhibeamus,
719 2656 884 2711 quibus
941 2657 1115 2699 facilius
1171 2657 1346 2699 exitum
1403 2670 1746 2713 consequamur,
1805 2661 2046 2713 propterea

354 2719 518 2773 quibus
554 2723 600 2764 id
636 2726 794 2768 mediis
830 2727 947 2769 effici
983 2728 1139 2783 possit,
1180 2728 1392 2770 dicemus.

483 2791 536 2833 In
561 2794 716 2848 primis
741 2811 793 2838 ea
819 2798 1051 2840 Pontificis
1076 2798 1264 2841 Maximi
1289 2797 1491 2853 Gregorii
1517 2798 1652 2840 XIII.
1681 2796 1865 2839 Domini
1891 2797 2045 2840 Nostri

355 2864 495 2915 atque
521 2862 637 2904 Sermi
680 2866 896 2922 Stephani
921 2869 1035 2924 regis
1060 2869 1286 2917 Poloniae,
1313 2868 1391 2924 qui
1414 2869 1500 2910 hoc
1524 2867 1814 2910 seminarium
1839 2868 2044 2911 Claudio-

358 2931 612 2984 politanum
655 2935 829 2979 institui
872 2940 1162 2988 mandarunt,
1208 2953 1335 2981 mens
1377 2942 1458 2987 est,
1503 2942 1555 2980 ut
1598 2937 1855 2994 quicunque
1897 2939 1958 2981 ad
1997 2938 2091 2981 id35

351 3000 671 3054 admittentur,
696 3007 725 3048 ii
746 3007 1013 3065 intelligant,
1040 3009 1125 3051 sibi
1153 3009 1373 3066 quamdiu
1401 3008 1448 3051 in
1477 3023 1528 3051 eo
1558 3008 1739 3058 fuerint,
1771 3023 1866 3051 esse
1894 3023 2043 3052 neces-

478 3117 487 3133 ¹
515 3115 570 3147 Ez
599 3126 644 3149 az
673 3117 815 3153 utobbi
843 3120 921 3154 irat
949 3132 1041 3155 nem
1071 3120 1218 3156 Szanto
1247 3121 1389 3155 Istvan
1415 3121 1625 3155 kezeirasa.
