2188 3535
332 183 382 227 46
1101 172 1175 206 No.
1213 182 1258 216 14
1689 170 1807 214 [1576
1833 170 1957 214 szept.
1985 178 2027 213 13

334 298 471 342 animi
496 293 809 339 benevolentia
833 290 1024 334 defuisse
1050 303 1253 345 unquam
1276 288 1501 331 videatur.
1527 287 1699 343 Cogita,
1724 301 1803 329 rex
1825 285 2026 329 invictis-

334 369 456 417 sime,
474 366 675 410 omnium
699 364 744 405 in
769 369 813 404 te
837 375 930 403 esse
954 359 1106 401 oculos
1129 359 1370 402 coniectos.
1396 357 1572 401 Electio
1595 358 1715 401 enim
1739 358 1850 400 haec
1875 361 1957 399 tua
1980 355 2027 398 in

334 453 481 494 regem
506 434 715 479 Poloniae
739 438 834 474 tam
857 429 1077 472 inusitata
1099 428 1145 471 in
1168 434 1403 486 stuporem
1427 434 1473 472 et
1499 428 1848 472 admirationem
1871 425 2026 482 rapuit

333 508 533 551 omnium
573 502 894 546 catholicorum
922 505 966 542 et
994 499 1324 543 haereticorum
1352 499 1542 549 animos,
1572 499 1650 555 qui
1677 499 1818 542 tacite
1845 511 2026 553 exspec—

334 583 464 621 tant:
493 574 709 631 quidnam
736 585 790 614 ex
818 584 871 613 ea
896 575 1211 626 consequatur.
1249 570 1472 627 Quamvis
1503 570 1556 625 (si
1582 570 1686 612 licet
1713 584 1770 613 ex
1798 566 2028 625 principiis
2059 581 2079 608 5

333 645 566 702 sequentia
590 640 854 694 coniectare)
884 654 939 682 ex
965 640 1030 690 iis,
1058 655 1175 696 quae
1199 641 1423 684 hactenus
1447 641 1674 696 praeclare
1699 638 1888 696 gessisti,
1915 652 2026 683 non-

333 717 415 759 nisi
443 714 619 770 optima
647 725 852 768 quaeque
883 710 936 753 de
967 715 1012 753 te
1041 717 1303 767 exspectare
1333 711 1525 768 possint.
1560 712 1680 754 Nam
1710 716 1755 753 et
1783 723 1949 753 nomen
1976 723 2028 752 ac

332 798 576 841 cognomen
608 787 740 824 tuum
771 780 933 830 nescio,
959 780 1070 837 quid
1090 782 1381 837 magnificum
1420 783 1474 825 de
1507 787 1552 824 te
1584 781 1866 837 pollicentur.
1907 779 2027 836 Quid

331 856 447 899 enim
469 854 590 897 aliud
619 854 835 909 Στέφανος,
854 865 992 909 quam
1013 866 1225 895 coronam
1246 852 1499 909 signifieat?
1524 854 1585 895 Et
1607 866 1823 895 coronam
1843 850 2027 908 quidem

331 932 555 969 terrenam
590 929 635 966 et
670 921 1020 980 corruptibilem,
1054 922 1302 966 virtutibus
1326 924 1417 966 tuis
1439 928 1484 966 et
1507 924 1640 966 rebus
1672 937 1699 965 a
1727 927 1772 965 te
1803 922 1940 979 gestis
1961 920 2025 964 di-
2042 936 2078 963 10

330 1010 464 1052 gnam
477 995 664 1038 feliciter
683 1009 728 1037 es
743 997 1028 1037 consecutus:
1047 998 1265 1048 superest,
1276 999 1328 1036 ut
1345 993 1669 1043 conservando,
1682 993 1965 1036 defendendo
1981 996 2027 1034 et

328 1067 620 1123 propagando
638 1066 773 1108 fidem
790 1063 1058 1108 catholicam
1082 1063 1141 1108 ad
1161 1078 1404 1120 supernam
1427 1065 1666 1108 coelestem
1683 1062 2028 1107 immarcessibi-

333 1138 434 1186 lem,
453 1136 837 1192 incorruptibilem
859 1139 903 1179 et
926 1139 1157 1178 aeternam
1179 1135 1360 1192 aspires.
1385 1137 1533 1193 Quam
1556 1149 1688 1178 nemo
1710 1139 2024 1191 consequetur,

333 1207 418 1250 nisi
439 1207 517 1263 qui
538 1207 733 1262 legitime
755 1211 913 1249 contra
934 1219 1127 1256 carnem,
1151 1206 1388 1256 mundum,
1424 1208 1666 1250 daemones
1687 1211 1732 1249 et
1761 1205 2024 1254 haereticos

333 1293 414 1334 pro
446 1277 706 1327 virtutibus,
741 1292 821 1333 pro
853 1276 1046 1320 veritate
1078 1282 1124 1319 et
1155 1291 1237 1333 pro
1269 1278 1455 1321 ecclesia
1486 1278 1571 1320 Dei
1602 1276 1858 1321 certaverit.
1893 1277 2026 1320 Certa
2041 1285 2077 1313 15

331 1349 469 1404 igitur
499 1347 698 1398 viriliter,
729 1353 781 1390 ut
816 1362 918 1391 cum
941 1348 1161 1404 Apostolo
1190 1347 1237 1390 in
1270 1349 1359 1392 fine
1394 1349 1517 1393 vitae
1552 1354 1659 1392 tuae
1694 1362 1846 1392 secure
1881 1347 2026 1390 dicere

331 1421 499 1476 possis:
547 1421 720 1462 Bonum
781 1425 989 1462 certamen
1051 1420 1222 1470 certavi,
1285 1435 1460 1464 cursum
1521 1419 1835 1470 consummavi,
1899 1420 2026 1472 fidem

333 1491 530 1538 servavi,·
565 1492 614 1533 de
649 1491 812 1546 reliquo
848 1490 1035 1547 reposita
1071 1496 1132 1533 est
1166 1491 1278 1533 mihi
1313 1507 1469 1535 corona
1507 1492 1683 1548 gloriae,
1722 1505 1853 1546 quam
1887 1491 2028 1533 reddet

332 1561 441 1603 milti
470 1561 519 1603 in
549 1562 625 1603 illa
656 1562 724 1603 die
753 1562 894 1604 iustus
921 1563 1073 1604 Iudex.
1113 1563 1232 1617 Quid
1262 1577 1369 1604 vero
1400 1564 1523 1605 aliud
1553 1568 1620 1604 est
1651 1563 1829 1612 Bathor,
1864 1562 1905 1617 (a
1935 1574 2026 1616 quo

335 1630 524 1673 Bathori
552 1630 596 1672 in
620 1636 775 1675 nostra
796 1631 949 1687 lingua
972 1630 1219 1687 derivatur)
1248 1631 1333 1675 nisi
1355 1632 1498 1683 fortis,
1526 1633 1769 1682 animosus,
1793 1630 2026 1687 magnani-
2041 1641 2077 1669 20

332 1715 446 1750 mus,
473 1701 804 1757 imperterritus
828 1708 872 1745 et
896 1702 1198 1746 invincibilis?
1229 1703 1490 1746 Curandum
1514 1704 1653 1760 igitur
1676 1708 1758 1752 est,
1785 1708 1837 1745 ut
1862 1716 2023 1758 cogno-

334 1771 444 1814 mini
478 1776 558 1814 tuo
593 1773 842 1816 satisfacias
859 1788 869 1824 ‚·
906 1773 1029 1830 quod
1062 1773 1139 1816 fiet
1175 1774 1211 1817 si
1245 1778 1485 1830 tamquam
1518 1775 1662 1817 fidelis
1696 1787 1864 1823 servus,
1891 1787 2027 1829 quem

332 1842 570 1884 constituit
610 1844 830 1886 Dominus
868 1859 1002 1900 super
1040 1844 1260 1888 familiam
1299 1859 1442 1895 suam,
1484 1846 1652 1902 populo
1691 1850 1772 1888 tuo
1811 1843 2027 1888 salutaria

334 1913 550 1968 dogmata
582 1915 885 1970 proponenda,
920 1929 1087 1958 errores
1130 1920 1269 1972 atque
1311 1916 1541 1959 doctrinas
1582 1916 1830 1972 exstirpare
1872 1914 2027 1958 sedulo

333 1983 573 2032 curaveris,
605 1985 838 2041 nullosque
867 1987 1054 2035 labores
1086 1987 1268 2030 nullave
1296 1987 1508 2043 pericula,
1539 2002 1621 2044 pro
1649 1987 1790 2044 gloria
1818 1985 1914 2035 Dei,
1946 1999 2027 2041 pro
2041 1991 2077 2019 25

334 2059 580 2109 augmento
610 2055 713 2097 fidei
743 2062 787 2098 et
818 2071 898 2112 pro
929 2058 1074 2100 salute
1104 2058 1260 2113 populi
1290 2058 1358 2100 tui
1389 2059 1537 2101 subire
1560 2057 1885 2101 formidaveris.
1912 2057 2025 2106 Imo,

333 2124 368 2165 si
391 2138 569 2167 necesse
602 2126 749 2176 fuerit,
780 2131 1001 2184 tanquam
1033 2128 1179 2171 bonus
1210 2133 1368 2184 pastor
1399 2129 1598 2172 animam
1630 2144 1711 2185 pro
1743 2128 1905 2171 ovibus
1937 2126 2028 2169 tuis

334 2208 511 2250 ponere,
535 2201 722 2251 paratus
743 2198 890 2241 fueris.
914 2199 1098 2242 Habeto
1118 2198 1164 2241 in
1184 2199 1403 2242 memoria
1423 2214 1598 2256 semper
1617 2199 1897 2256 praeclarum
1917 2197 2028 2240 illud

331 2265 508 2307 Biantis
552 2267 807 2324 philosophi
853 2269 1053 2313 dictum:
1091 2270 1187 2327 ἀρχὲ
1220 2272 1339 2328 ἄνδρα
1382 2273 1528 2318 δεικνύς
1560 2276 1605 2313 et
1634 2285 1743 2314 cave
1763 2284 1820 2314 ne
1840 2268 2024 2325 aliquid,

335 2336 457 2390 quod
479 2341 659 2380 tantam
683 2338 952 2395 dignitatem
976 2341 1206 2391 dedeceat,
1231 2341 1506 2385 committas.
1534 2341 1789 2386 Recordare
1811 2345 1857 2384 te
1880 2355 1907 2383 a
1930 2341 2026 2382 Deo
2039 2347 2075 2374 3⁰

335 2411 546 2449 vocatum
573 2422 666 2451 esse
692 2410 751 2452 ad
776 2411 954 2454 culmen
980 2411 1113 2454 huius
1138 2412 1334 2461 honoris,
1363 2417 1414 2454 ut
1441 2412 1500 2455 sis
1526 2412 1758 2469 quoddam
1783 2410 2027 2467 probitatis

336 2480 379 2516 et
411 2476 593 2520 virtutis
624 2481 865 2536 exemplar,
899 2487 951 2524 ut
983 2482 1164 2525 lucerna
1189 2483 1339 2539 posita
1362 2483 1408 2526 in
1435 2484 1609 2527 excelso
1631 2484 1780 2526 luceas
1801 2481 2024 2531 omnibus,

336 2544 444 2594 vita,
469 2548 605 2590 verbo
627 2555 671 2591 et
702 2553 920 2607 exemplo,
953 2557 1004 2595 ut
1036 2553 1217 2596 afflictis
1247 2554 1539 2610 compatiare,
1570 2559 1622 2596 ut
1653 2554 1838 2596 miseros
1867 2552 2022 2608 erigas,
2079 2607 2081 2609 Ι

335 2620 386 2656 ut
416 2617 582 2659 tuearis
611 2620 840 2664 christiani
868 2623 1063 2666 hominis
1092 2624 1375 2679 dignitatem,
1420 2629 1472 2666 ut
1514 2639 1594 2680 per
1634 2629 1679 2667 te
1721 2627 2023 2672 conservetur,

335 2684 675 2744 vindiceturque
707 2692 764 2733 ab
793 2691 979 2735 interitu
1012 2700 1299 2738 sacrosancta
1338 2695 1449 2737 fides
1495 2700 1540 2737 et
1587 2694 1739 2751 religio
1786 2693 2074 2738 catholica.3⁵

335 2755 507 2798 Redeat
547 2757 591 2799 in
630 2762 892 2806 memoriam
943 2765 1066 2807 Tuae
1104 2760 1203 2814 M‘⁵⁵,
1257 2765 1383 2821 quod
1420 2765 1684 2821 scripseram
1722 2779 1841 2808 anno
1880 2764 2024 2820 primo

333 2825 612 2881 principatus
630 2831 710 2879 tui,
729 2834 863 2888 quod,
891 2834 928 2876 si
951 2834 996 2877 in
1020 2835 1244 2878 catholica
1266 2836 1354 2878 fide
1377 2850 1661 2892 permaneres
1684 2841 1729 2878 et
1753 2848 2024 2891 propagares

331 2895 465 2938 fidem
485 2898 765 2951 catholicam,
785 2904 906 2946 Deus
922 2919 1002 2961 pro
1019 2910 1064 2948 te
1081 2911 1362 2962 expugnaret
1380 2905 1583 2949 inimicos
1600 2911 1704 2948 tuos
1725 2911 1770 2948 et
1788 2906 1847 2948 ad
1863 2905 2025 2948 altiora

332 2970 377 3008 te
391 2968 656 3021 proveheret
673 2986 680 3013 t
699 2975 1005 3026 perseverasti,
1021 2977 1297 3032 propagasti,
1317 2976 1558 3019 defendisti
1574 2982 1620 3019 et
1637 2977 1760 3019 Deus
1775 2975 2023 3032 prostravit

334 3036 616 3080 adversarios
652 3045 753 3083 tuos
788 3049 832 3084 et
868 3050 912 3087 te
948 3047 1183 3089 exaltavit.
1238 3048 1370 3090 Nunc
1405 3061 1557 3089 rursus
1592 3047 1809 3090 audacter
1842 3047 1942 3090 dico
1977 3050 2073 3089 et4⁰

331 3119 481 3149 secure
510 3110 741 3163 promitto,
773 3115 895 3169 quod
922 3116 957 3158 si
986 3117 1244 3172 perrexeris,
1278 3119 1346 3172 (ut
1378 3117 1604 3173 praeclare
1641 3116 1844 3174 coepisti)
1885 3117 2021 3160 fidem
