2188 3535
125 194 219 238 1583
252 201 341 236 aug.
379 191 416 234 1]
885 193 958 227 No.
989 204 1034 240 95
1734 206 1808 241 297

934 306 1003 349 95.

646 384 797 433 Ro‘ma,
832 387 946 440 1583
976 393 1210 442 augusztus
1242 402 1280 431 1.

247 469 373 509 XIII.
402 467 580 520 Gergely
606 468 718 519 papa
744 482 768 508 a
794 470 1118 523 gyulafejervari
1143 472 1667 523 jezsuita-residentianak.

246 545 299 584 M
300 544 541 596 egerb'sitve'n
561 543 739 594 Ba‘thory
760 544 786 582 I
788 546 901 584 stva'n
923 546 1055 596 kira'ly
1077 548 1350 599 adomcinyait,
1372 549 1634 600 teljhatalmat
1655 551 1810 591 biztosit

73 621 90 648 5
120 605 278 644 benniik
313 617 337 643 a
370 603 659 655 jezsuita-rend
693 604 1012 654 generalisa'nak.

247 684 485 740 Gregorius
526 683 774 739 episcopus,
818 698 972 727 servus
1014 700 1243 730 servorum
1284 689 1379 731 Dei.
1424 690 1495 732 Ad
1535 696 1802 746 perpetuam

119 756 181 799 rei
209 755 486 798 memoriam.
519 754 730 797 Coelestis
759 755 900 810 patris
928 756 1213 810 providentia
1241 760 1301 801 ad
1328 761 1491 803 summi
1520 762 1806 816 apostolatus

119 827 293 883 apicem
330 825 476 869 evecti
513 831 751 881 tamquam
790 825 844 867 de
882 827 1054 869 excelso
1091 833 1245 871 monte
1282 830 1341 872 ad
1376 845 1467 873 una
1505 831 1598 887 agri
1634 832 1804 888 irrigeri

119 897 359 940 militantis
393 896 601 939 ecclesiae
635 895 947 938 universorum
982 897 1220 953 dirigentes
1253 900 1484 950 intuitum,
1521 902 1806 945 consideran·

73 986 107 1014 10
118 973 276 1024 tesque
318 967 589 1011 laboriosam
632 972 770 1023 atque
812 966 1082 1011 indefessam
1124 984 1320 1025 operam,
1369 986 1507 1027 quam
1548 974 1807 1016 veneranda

119 1039 318 1082 Societas
355 1039 410 1081 de
446 1039 556 1094 Jesu
592 1038 639 1080 in
676 1037 940 1080 seminanda
977 1039 1198 1094 sapientia
1233 1042 1419 1084 salutari
1454 1043 1571 1085 inter
1607 1049 1806 1086 caeteros

117 1110 257 1166 ipsius
291 1110 583 1166 agricultores
615 1109 784 1165 ubique
818 1114 1020 1164 praestat
1051 1110 1250 1166 dignum,
1275 1112 1385 1167 quin
1417 1112 1568 1168 potius
1602 1114 1807 1157 debitum

118 1186 397 1237 reputamus,
441 1185 494 1223 ut
536 1180 583 1222 in
626 1180 836 1223 domibus
878 1180 1064 1236 aliisque
1106 1182 1384 1237 regularibus
1424 1183 1531 1225 locis
1574 1184 1807 1239 disciplina

118 1252 383 1308 praesertim
413 1251 714 1294 ecclesiastica
743 1256 788 1293 et
819 1251 1041 1294 catholica
1070 1253 1327 1295 carentibus
1356 1258 1530 1296 statum
1559 1254 1806 1309 regularem

70 1341 105 1369 15
118 1323 347 1366 interdum
387 1322 719 1379 extinguamus,
760 1322 926 1378 illaque
965 1322 1109 1364 eidem
1150 1323 1363 1366 Societati
1402 1339 1483 1380 pro
1522 1325 1806 1380 collegiorum

119 1408 304 1437 suorum
327 1393 615 1436 institutione
639 1393 939 1436 concedamus
963 1407 1013 1435 ac
1039 1394 1148 1436 alias
1171 1394 1217 1436 in
1240 1395 1309 1436 his
1332 1395 1467 1437 officii
1491 1395 1632 1437 nostri
1656 1401 1808 1451 partes

118 1465 428 1508 favorabiliter
463 1464 820 1520 interponamus,
859 1469 993 1520 prout
1032 1465 1150 1507 salus
1187 1465 1441 1508 animarum
1477 1466 1614 1522 exigit
1651 1471 1695 1508 et
1732 1466 1808 1522 pia

117 1536 441 1578 catholicorum
477 1550 632 1592 regum
669 1540 780 1577 vota
815 1540 1066 1591 exposcunt
1102 1550 1153 1578 ac
1188 1536 1478 1579 rationabiles
1513 1551 1674 1579 causae
1708 1552 1805 1593 per-

117 1607 326 1656 suadent,
349 1621 524 1649 necnon
547 1607 747 1649 locorum
780 1606 1080 1662 qualitatibus
1114 1607 1348 1662 diligenter
1381 1607 1672 1650 consideratis
1706 1622 1808 1650 con-

69 1696 104 1723 20
118 1677 331 1734 spicimus
361 1678 407 1720 in
438 1677 622 1720 domino
653 1677 894 1720 salubriter
923 1677 1146 1733 expedire.
1180 1678 1399 1721 Exhibita
1429 1678 1650 1734 siquidem
1680 1678 1810 1721 nobis

117 1763 260 1805 nuper
285 1763 366 1805 pro
392 1753 522 1804 parte
549 1749 700 1791 dilecti
725 1748 804 1790 filii
831 1749 1005 1791 Claudii
1030 1749 1298 1804 Aquavivae
1324 1749 1569 1805 praepositi
1593 1749 1809 1805 generalis

119 1819 266 1862 dictae
303 1819 542 1862 Societatis
578 1819 739 1875 petitio
775 1819 1053 1868 continebat,
1092 1834 1208 1875 quae
1243 1825 1487 1876 postquam
1523 1820 1809 1862 charissimus

117 1890 163 1932 in
185 1890 361 1933 Christo
384 1890 501 1932 filius
531 1895 686 1932 noster
721 1891 979 1946 Stephanus
1014 1891 1369 1947 Transylvaniae
1404 1896 1449 1933 et
1486 1891 1694 1933 Poloniae
1730 1905 1808 1932 rex

117 1966 336 2017 augustus
377 1961 589 2017 singulari
629 1975 680 2004 ac
721 1961 993 2004 christianae
1034 1962 1270 2004 charitatis
1309 1962 1402 2004 zelo
1442 1967 1593 2005 motus
1631 1976 1808 2017 gregem

67 2032 394 2078 25dominicum
427 2047 518 2074 non
552 2032 698 2074 solum
731 2033 790 2075 ab
823 2032 1014 2089 antiquo
1047 2033 1219 2088 generis
1250 2033 1437 2075 humani
1469 2033 1649 2076 inimico
1683 2032 1807 2087 spiri-

116 2103 301 2145 tualiter
346 2103 521 2159 agitari,
570 2118 729 2145 verum
776 2103 915 2146 etiam
962 2104 1232 2146 catholicam
1278 2104 1534 2159 religionem
1580 2104 1626 2144 in
1672 2117 1807 2157 regno

115 2174 470 2230 Transylvaniae
494 2179 682 2230 propter
706 2174 973 2217 continuum
999 2175 1250 2217 vicinorum
1275 2175 1521 2216 Turcarum
1547 2178 1591 2215 et
1616 2173 1806 2215 aliorum

115 2245 412 2288 barbarorum
451 2259 503 2288 ac
539 2245 869 2288 haereticorum
902 2245 1220 2288 commercium
1252 2244 1436 2287 diversis
1465 2244 1721 2286 haeresibus
1760 2247 1805 2284 et

116 2316 454 2359 calamitatibus
488 2316 632 2358 indies
668 2316 933 2365 conculcari,
971 2316 1178 2358 imminui
1213 2321 1257 2358 et
1293 2313 1552 2357 conturbari
1586 2328 1677 2356 non
1712 2313 1806 2355 sine

66 2405 102 2432 30
116 2401 280 2443 magno
310 2387 461 2429 dolore
491 2387 805 2443 perspexisset,
837 2393 889 2429 ut
920 2388 1136 2429 adversus
1165 2391 1234 2428 tot
1266 2385 1385 2427 mala
1414 2389 1458 2426 et
1488 2389 1636 2440 pestes
1665 2398 1805 2426 reme—

117 2457 242 2500 dium
265 2457 450 2514 aliquod
472 2463 709 2514 pararetur
730 2458 973 2514 religioque
996 2457 1240 2500 christiana
1263 2461 1500 2510 tamquam
1523 2454 1585 2496 ibi
1608 2455 1662 2496 de
1686 2468 1806 2496 novo

116 2528 326 2584 plantata
365 2529 552 2571 salutari
591 2529 717 2571 verbi
756 2529 840 2571 Dei
879 2528 1135 2584 irrigatione
1175 2526 1565 2582 spiritualiumque
1604 2525 1805 2567 ministe-

115 2598 285 2641 riorum
331 2600 606 2643 tractatione
651 2605 696 2642 et
743 2599 1063 2642 exercitatione
1110 2601 1379 2640 excresceret
1427 2601 1471 2638 et
1517 2595 1804 2638 revivisceret

115 2669 476 2726 liberalioresque
523 2670 782 2726 disciplinae
828 2670 889 2712 ibi
935 2670 1098 2711 iterum
1144 2668 1483 2717 efflorescerent‚
1518 2681 1573 2708 ex
1618 2665 1806 2708 diversis

66 2757 101 2785 35
117 2740 373 2796 regionibus
398 2741 701 2796 superioribus
725 2741 854 2783 annis
879 2741 1052 2796 aliquot
1082 2754 1137 2780 ex
1158 2738 1381 2780 Societate
1396 2738 1506 2792 Jesu
1535 2737 1807 2793 presbiteros

117 2816 162 2853 et
213 2811 452 2867 religiosos,
505 2812 677 2868 pietate
735 2826 786 2854 ac
836 2811 958 2853 vitae
1019 2809 1279 2864 integritate
1331 2807 1710 2850 commendabiles
1758 2806 1804 2848 in

116 2882 492 2938 Transylvaniam
561 2883 816 2938 praefatam
881 2880 1057 2923 evocari
1120 2884 1164 2921 et
1228 2879 1466 2920 nonnullos
1529 2892 1683 2920 eorum
1745 2877 1805 2918 ad

115 2952 350 2995 civitatem
379 2953 544 2995 Albam
573 2953 744 3007 Juliam
774 2950 1024 2994 transmitti
1052 2954 1386 3005 procuraverat,
1435 2963 1567 3004 opere
1608 2947 1805 3003 pretium

117 3022 345 3065 facturum
367 3023 645 3072 existimans,
671 3023 706 3065 si
727 3023 773 3064 in
795 3022 917 3064 dicta
939 3020 1124 3062 civitate
1145 3034 1287 3061 unum
1309 3019 1543 3074 collegium
1566 3017 1805 3061 Societatis

67 3109 103 3136 40
115 3093 225 3147 Jesu
260 3093 368 3149 erigi
403 3099 579 3136 curaret
615 3093 787 3135 tradita
822 3091 1093 3134 auctoritate
1129 3104 1210 3132 sua
1244 3089 1364 3144 regia
1398 3095 1442 3131 et
1479 3103 1584 3131 suae
1619 3093 1804 3131 sanctae

116 3163 402 3219 cogitationis
433 3164 584 3220 vigore
616 3164 783 3205 eisdem
814 3162 1020 3217 patribus
1051 3160 1234 3203 ecclesia
1266 3160 1419 3202 Sancti
1451 3159 1669 3215 Stephani
1700 3173 1803 3201 cum
