2188 3535
325 165 398 196 214
1092 149 1166 182 N0.
1196 157 1237 192 71
1703 147 1820 190 [1582
1852 146 1950 181 febr.
1988 155 2005 190 5

187 269 255 308 Apr.
283 283 462 314 ¹·annos
491 269 698 324 integros,
731 282 758 308 a
792 265 1011 309 Kalendis
1041 263 1206 319 Aprilis
1236 263 1440 318 proxime
1474 263 1676 306 venturis
1706 263 2010 306 numerandos

321 341 497 394 et[iam]
532 351 834 381 successorum
870 340 1141 383 nostrorum,
1181 335 1493 377 Romanorum
1529 334 1800 390 pontificum
1836 340 2010 390 tempo-

321 411 456 459 ribus,
484 410 652 463 integre
677 405 1034 461 persolvendam,
1063 403 1232 447 eisdem
1259 405 1535 448 auctoritate
1561 410 1606 448 et
1632 410 1788 447 tenore
1814 419 2010 447 reserva-

322 495 434 528 mus,
482 476 797 520 constituimus
843 480 887 517 et
934 474 1246 530 assignamus;
1295 476 1588 518 decernentes
1636 480 1920 531 praesentem
1965 481 2010 518 et

322 551 496 591 futuros
532 551 707 588 nostros
743 545 943 587 datarios
979 559 1032 587 ac
1069 544 1272 601 ipsorum
1309 546 1611 602 depositarios
1648 546 1707 588 ad
1742 546 1859 588 illius
1895 546 2011 589 solu·
2044 561 2061 587 5

322 620 489 661 tionem
525 616 669 658 eidem
703 615 886 671 collegio
921 630 1000 671 per
1034 621 1292 671 praesentes
1325 621 1488 665 erecto,
1526 617 1736 672 illiusque
1771 616 1932 659 rectori
1966 622 2011 659 et

321 686 762 731 administratoribus
795 685 866 728 vel
899 686 1181 741 procuratori
1213 687 1473 742 quindecim
1506 687 1637 729 annis
1670 687 1854 742 integris
1887 701 2011 743 prae-

322 758 453 801 dictis
481 756 749 798 durantibus
778 771 829 798 ac
858 756 981 805 alias,
1012 761 1064 798 ut
1094 757 1359 813 praefertur,
1385 758 1598 814 nulloque
1622 757 1709 800 alio
1739 758 1957 801 mandato
1987 773 2013 801 a

319 828 446 871 nobis
471 827 542 869 vel
570 827 898 869 successoribus
923 827 1088 870 nostris
1113 828 1356 883 praedictis
1382 829 1574 884 desuper
1600 833 1844 884 expectato
1869 843 2012 872 remo-

320 905 456 955 taque
494 898 618 942 omni
657 901 702 939 et
741 912 1011 953 quacunque
1042 898 1322 954 exceptione,
1359 899 1576 941 dilatione
1615 899 1687 941 vel
1725 899 2013 942 excusatione
2030 914 2063 940 ιο

321 969 573 1012 faciendam
610 968 851 1011 efficaciter
886 968 1109 1024 obligatos
1141 969 1248 1019 fore,
1273 984 1354 1012 nec
1389 970 1537 1025 ipsam
1573 969 1834 1026 pensionem
1868 970 2014 1013 eidem

319 1040 515 1096 collegio,
538 1039 743 1095 illiusque
774 1039 935 1081 rectori
970 1044 1015 1082 et
1051 1040 1495 1083 administratoribus
1530 1040 1603 1083 vel
1639 1041 1933 1096 procuratori,
1961 1047 2013 1084 ut

320 1111 582 1168 praefertur,
600 1117 877 1153 reservatam
901 1124 956 1152 ex
978 1110 1220 1166 praedictis
1246 1111 1401 1153 aliisve
1428 1111 1576 1153 causis
1608 1116 2014 1170 quantumcunque

320 1182 532 1238 gravibus
569 1182 829 1237 urgentibus
865 1186 910 1224 et
941 1182 1200 1225 necessariis
1231 1183 1291 1224 ad
1322 1182 1543 1225 minorem
1579 1196 1811 1225 summam
1846 1183 2012 1234 reduci,

321 1268 402 1295 nec
439 1253 694 1295 huiusmodi
732 1251 1083 1296 reservationem
1119 1253 1343 1295 annullari
1382 1253 1453 1295 vel
1491 1252 1745 1305 invalidari,
1779 1268 1859 1296 nec
1891 1253 2064 1297 111311113

323 1328 666 1379 praesentesque
692 1324 843 1366 literas
857 1323 1071 1373 revocari,
1101 1338 1182 1366 nec
1220 1325 1274 1366 de
1310 1323 1605 1379 surreptionis
1635 1324 1706 1366 vel
1734 1325 2011 1381 obreptionis

323 1399 403 1436 aut
419 1394 641 1437 nullitatis
657 1394 767 1437 vitio
789 1409 867 1437 seu
881 1394 1146 1437 intentionis
1160 1400 1340 1438 nostrae
1355 1395 1410 1437 de
1426 1394 1512 1436 alio
1529 1409 1822 1451 quocumque
1838 1395 2018 1439 defectu

323 1465 471 1507 notari
507 1465 577 1507 vel
620 1465 872 1521 impugnari
910 1480 1114 1522 unquam
1151 1481 1295 1522 posse,
1319 1466 1398 1508 sed
1433 1465 1579 1508 eidem
1615 1466 1798 1522 collegio
1835 1467 2018 1523 eiusque

324 1535 517 1578 alumnis
554 1536 597 1578 ef
632 1536 830 1592 personis
879 1551 1029 1593 aeque
1081 1537 1316 1593 suffragari
1367 1536 1528 1579 debere
1566 1551 1618 1579 ac
1656 1537 1692 1578 si
1729 1537 1827 1592 ipsa
1863 1538 2017 1594 pensio

325 1621 403 1663 per
459 1612 714 1662 praesentes
770 1612 999 1650 reservata
1059 1608 1430 1651 consistorialiter
1486 1607 1915 1665 consulentibusque
1973 1615 2017 1652 et
2031 1620 2066 1647 20

325 1677 685 1732 supplicantibus
715 1678 915 1721 eiusdem
947 1681 1183 1722 Romanae
1214 1679 1423 1722 ecclesiae
1455 1678 1760 1721 cardinalibus
1789 1686 2019 1723 reservata

331 1747 501 1798 fuisset,
526 1763 605 1791 nec
633 1764 909 1805 quemquam
944 1750 1003 1792 ad
1041 1751 1440 1806 praesentandum,
1481 1748 1807 1793 insinuandum
1833 1756 1878 1793 et
1905 1751 2018 1794 rein-

325 1818 489 1874 tegrari
516 1820 769 1863 faciendum
797 1821 978 1863 easdem
1007 1826 1265 1876 praesentes
1292 1821 1445 1864 literas
1474 1821 1519 1863 in
1564 1835 1743 1864 camera
1771 1821 2020 1877 apostolica

326 1889 456 1931 iuxta
477 1891 849 1934 constitutionem
864 1891 1003 1934 felicis
1018 1892 1341 1934 recordationis
1359 1892 1427 1935 Pii
1442 1907 1588 1948 papae
1609 1893 1686 1935 IV.
1711 1893 2018 1947 praedecesso-

326 1960 386 2002 ris
411 1962 551 2003 nostri
579 1963 768 2018 desuper
792 1963 1003 2011 edictam,
1031 1967 1111 2005 aut
1138 1963 1248 2005 alias
1273 1978 1480 2019 unquam
1506 1963 1660 2014 teneri,
1678 1976 1759 2004 nec
1781 1968 2019 2019 propterea
2032 1973 2067 2001 25

327 2030 425 2073 illas
462 2031 612 2075 irritas
648 2048 755 2082 esse,
795 2033 873 2076 sed
909 2033 1094 2076 omnino
1132 2034 1295 2084 valere,
1319 2048 1370 2077 ac
1409 2034 1445 2076 si
1484 2032 1750 2077 constitutio
1788 2034 2020 2090 praedicta

327 2107 372 2143 et
412 2102 499 2145 alia
534 2104 759 2147 contraria
795 2119 1047 2160 numquam
1076 2111 1376 2154 emanassent,
1419 2105 1571 2161 sicque
1610 2119 1690 2161 per
1727 2119 2019 2161 quoscunque

328 2172 494 2215 iudices
526 2175 774 2218 ordinarios
806 2180 850 2217 et
884 2176 1114 2232 delegatos
1146 2176 1287 2218 etiam
1319 2190 1559 2219 causarum
1591 2175 1750 2232 palatii
1782 2176 2017 2232 apostolici

330 2244 558 2287 auditores
587 2251 632 2288 et
663 2246 917 2302 praedictos
947 2246 1196 2289 cardinales
1227 2247 1273 2289 in
1303 2246 1464 2302 quavis
1494 2246 1717 2289 instantia
1746 2247 1927 2290 sublata
1957 2247 2019 2290 eis

329 2320 373 2356 et
395 2329 549 2358 eorum
575 2317 757 2359 cuilibet
791 2317 953 2373 quavis
983 2318 1112 2360 aliter
1133 2317 1363 2360 iudicandi
1384 2322 1429 2359 et
1452 2317 1796 2374 interpretandi,
1824 2317 2015 2360 auctori·
2031 2327 2067 2354 30

331 2390 425 2427 tate
447 2391 490 2428 et
513 2387 729 2430 facultate
749 2388 917 2443 ubique
938 2388 1125 2430 iudicari
1144 2393 1190 2431 et
1211 2388 1396 2431 diffiniri
1416 2389 1590 2437 debere,
1615 2402 1695 2431 nec
1728 2403 1818 2431 non
1839 2388 2018 2431 irritum

332 2460 376 2496 et
407 2456 537 2499 inane
568 2458 783 2514 quicquid
813 2473 939 2501 secus
969 2473 1102 2515 super
1131 2459 1202 2501 his
1232 2474 1259 2502 a
1290 2474 1523 2515 quoquam
1553 2459 1715 2515 quavis
1745 2459 2017 2501 auctoritate

333 2526 520 2569 scienter
542 2529 612 2570 vel
634 2529 891 2585 ignoranter
915 2530 1155 2586 contigerit
1185 2530 1418 2580 attentari,
1451 2544 1541 2572 non
1571 2529 1860 2572 obstantibus
1889 2543 2017 2585 prae-

338 2595 481 2637 missis
515 2603 558 2639 et
593 2604 746 2642 nostro
781 2600 836 2642 de
871 2614 1089 2642 consensu
1124 2601 1171 2643 in
1205 2600 1496 2656 pensionibus
1527 2600 1799 2656 praestando
1834 2613 1886 2641 ac
1921 2599 2018 2641 aliis

335 2667 588 2720 apostolicis
622 2670 1036 2720 constitutionibus,
1060 2686 1141 2714 nec
1163 2686 1254 2714 non
1285 2671 1421 2714 officii
1452 2670 1706 2713 datariatus
1737 2675 1782 2712 et
1813 2684 2015 2712 camerae
2031 2681 2068 2708 35

337 2737 665 2790 praedictorum
720 2740 974 2784 iuramento
1031 2741 1373 2785 confirmatione
1429 2741 1676 2796 apostolica
1731 2740 1802 2782 vel
1858 2740 2019 2796 quavis

337 2806 551 2848 firmitate
599 2809 684 2851 alia
731 2812 966 2863 roboratis,
1002 2812 1189 2854 statutis
1237 2817 1282 2854 et
1330 2811 1732 2853 consuetudinibus
1780 2810 2021 2866 privilegiis

339 2890 517 2931 quoque
545 2877 741 2929 indultis,
780 2896 806 2923 a
840 2882 979 2925 literis
1002 2882 1258 2939 apostolicis
1281 2882 1366 2924 illis
1389 2895 1634 2937 eorumque
1662 2881 2021 2936 praesidentibus

338 2951 383 2988 et
412 2948 608 3001 personis
635 2951 717 2991 sub
744 2952 1087 3009 quibuscunque
1114 2952 1345 2995 tenoribus
1372 2958 1417 2994 et
1446 2951 1601 2994 formis
1627 2965 1679 2993 ac
1706 2966 1810 2993 cum
1837 2952 2019 3007 quibus-

339 3016 408 3058 vis
442 3017 648 3060 clausulis
682 3025 726 3061 et
761 3022 949 3066 decretis
983 3024 1124 3066 etiam
1159 3027 1288 3066 motu
1323 3027 1368 3065 et
1402 3022 1590 3064 scientia
1623 3021 1843 3064 similibus
1878 3023 2071 3078 dequew

342 3087 612 3141 apostolicae
638 3092 876 3144 potestatis
902 3094 1182 3149 plenitudine
1209 3107 1261 3136 ac
1286 3093 1425 3135 etiam
1451 3092 1818 3135 consistorialiter
1843 3098 1887 3135 et
1914 3093 2023 3136 alias
