2188 3535
123 190 209 231 1581
241 190 364 232 szept.
391 189 455 231 21]
881 186 956 221 No.
985 188 1030 230 65
1735 192 1805 226 199

118 303 214 354 Dei,
239 309 368 347 extra
392 305 516 361 quod
539 304 651 347 nihil
674 305 858 348 omnino
883 305 1044 348 volunt
1069 303 1263 359 recipere
1287 306 1333 344 et
1358 299 1613 345 admittere.
1643 300 1806 355 Itaque

116 375 188 417 hic
213 375 339 418 nobis
363 390 454 418 non
479 375 676 418 multum
700 375 801 418 usui
825 381 941 418 esset
967 374 1245 430 amplissima
1269 373 1345 415 illa
1369 377 1451 414 tua
1490 372 1706 414 Vaticana
1744 370 1805 412 bv:-

118 446 317 488 bliotheca
334 459 352 495 ,·
386 462 490 489 cum
523 445 676 489 omnia
695 446 799 488 fidei
820 451 1001 489 nostrae
1034 446 1250 501 dogmata
1284 458 1338 486 ex
1372 442 1508 485 sacris
1541 441 1682 484 literis
1715 440 1805 483 sint

118 516 470 560 demonstranda
489 531 499 568 ;
524 522 569 559 et
592 517 652 560 ad
672 518 783 560 haec
806 517 1144 573 comprobanda
1165 515 1306 558 biblia
1327 514 1422 557 sola
1443 512 1573 555 nobis
1595 511 1805 555 sufficiat.

70 600 87 627 5
118 588 187 629 Tu
219 591 373 634 tamen
405 588 625 644 insignem
658 588 782 631 illam
816 588 1137 630 bibliothecam
1172 600 1332 642 augere
1366 583 1551 640 optimis
1584 583 1721 633 libris,
1758 587 1810 624 ut

119 658 318 713 coepisti,
351 674 441 702 non
459 673 614 709 cesses,
635 664 688 701 ut
707 663 866 701 contra
883 673 1038 701 omnes
1056 659 1209 700 hostes
1228 656 1437 699 ecclesiae
1455 654 1618 697 idonea
1636 667 1812 709 semper

119 728 165 770 in
192 729 291 784 ipsa
320 744 445 772 arma
473 730 776 780 inveniantur,
808 744 924 786 quae
953 734 998 772 et
1028 729 1157 771 nobis
1186 727 1430 784 aliquando
1459 725 1560 768 usui
1589 725 1683 767 fore
1711 738 1809 780 spe-

118 814 283 850 ramus,
317 806 561 857 postquam
605 801 934 844 haereticorum
979 801 1102 842 furor
1146 804 1191 842 et
1236 799 1382 841 rabies
1427 797 1662 852 paululum
1707 809 1810 837 con-

119 870 354 926 quieverit.
392 873 578 915 Modum
613 877 767 915 autem
801 872 1033 928 augendae
1066 870 1366 913 bibliothecae
1399 882 1542 910 unum
1575 867 1661 909 tibi
1693 880 1813 908 nunc

72 957 107 985 ιο
120 941 378 997 perfacilem
402 944 653 986 ostendam.
682 943 844 986 Ultimi
869 947 1088 999 quattuor
1111 941 1213 983 libri
1236 939 1529 982 historiarum
1553 936 1814 993 Nicephori8

119 1012 166 1054 in
186 1019 339 1056 vestra
365 1016 579 1058 Vaticana
602 1014 927 1063 desiderantur,
952 1013 1030 1070 qui
1051 1013 1120 1055 his
1142 1012 1300 1054 diebus
1322 1024 1462 1052 manu
1484 1009 1640 1064 scripti
1661 1008 1815 1063 lingua

120 1084 385 1128 Sclavonica
410 1086 584 1128 inventi
611 1090 717 1128 sunt
744 1085 790 1127 in
818 1085 964 1141 Mysia
989 1085 1035 1126 in
1062 1082 1277 1126 coenobio
1305 1080 1460 1124 Sancti
1486 1080 1664 1122 Sabbae
1691 1078 1815 1133 apud

121 1157 365 1199 monachos
384 1157 635 1206 Servianos,
653 1171 766 1212 quos
781 1171 872 1212 qua
886 1155 1060 1198 ratione
1077 1154 1206 1196 facile
1220 1153 1386 1195 habere
1401 1150 1557 1207 possis,
1575 1162 1814 1204 cognosces

121 1240 176 1267 ex
205 1228 252 1268 P.
285 1229 634 1270 Bartholomaeo
661 1227 918 1276 Sfondrata,
942 1226 1020 1282 qui
1042 1239 1194 1268 mense
1215 1225 1421 1278 Augusto
1443 1223 1531 1263 huc
1553 1220 1613 1262 ad
1633 1234 1715 1261 nos
1739 1233 1817 1274 per

73 1312 107 1340 15
121 1298 382 1353 Bulgariam
398 1304 442 1341 et
460 1299 653 1355 Mysiam
668 1298 984 1347 transvolavit,
1010 1310 1162 1339 mense
1184 1299 1339 1337 autem
1360 1292 1568 1349 sequenti
1584 1293 1818 1345 Ragusam

121 1372 189 1410 est
213 1383 416 1412 reversus
436 1385 445 1421 ;
485 1371 589 1412 hinc
623 1369 762 1418 brevi,
787 1373 840 1411 ut
864 1383 1007 1424 spero,
1035 1369 1231 1410 Romam
1255 1365 1314 1408 ad
1336 1379 1418 1407 vos
1441 1367 1706 1411 revertetur,
1740 1361 1817 1416 qui

122 1439 253 1494 plura
268 1441 396 1483 vobis
412 1442 467 1483 de
483 1441 624 1489 nobis,
644 1440 698 1482 de
714 1444 839 1481 statu
858 1453 1007 1481 rerum
1029 1443 1288 1480 nostrarum
1303 1440 1348 1478 et
1365 1435 1421 1477 de
1436 1434 1641 1477 omnium
1656 1433 1818 1474 harum

123 1510 458 1565 provinciarum
493 1510 786 1566 dispositione
820 1510 928 1553 viva
961 1523 1071 1553 voce
1107 1509 1282 1551 referet.
1321 1507 1366 1549 Si
1389 1511 1545 1548 tamen
1566 1503 1710 1559 magis
1732 1503 1821 1545 ista

124 1595 179 1622 ex
203 1582 368 1624 nostris
392 1582 532 1625 literis
557 1595 822 1637 cognoscere
847 1581 986 1636 cupis,
1010 1581 1131 1636 legas
1146 1584 1350 1621 nostram
1367 1576 1606 1633 epistolam
1622 1574 1682 1617 ad
1696 1575 1751 1616 N.
1770 1575 1818 1616 P.

75 1668 110 1696 20
124 1652 388 1696 Generalem
409 1654 593 1703 datam;
629 1653 675 1694 in
703 1666 794 1708 qua
822 1652 932 1694 satis
966 1652 1063 1693 fuse
1085 1651 1140 1693 de
1160 1650 1384 1698 omnibus,
1409 1661 1526 1704 quae
1547 1647 1664 1689 scitu
1687 1645 1822 1700 digna

125 1722 410 1774 videbantur,
435 1724 748 1767 tractavimus.
783 1723 906 1765 Nihil
937 1737 1040 1778 ergo
1073 1721 1196 1764 aliud
1226 1721 1318 1762 iam
1349 1723 1505 1768 restat,
1534 1732 1673 1774 quam
1698 1721 1750 1758 ut
1777 1720 1822 1757 te

125 1794 274 1837 valere
299 1796 487 1838 feliciter
512 1800 557 1837 et
583 1795 813 1837 cornicum
838 1809 890 1836 ac
917 1807 1152 1836 cervorum
1178 1805 1320 1834 annos
1349 1804 1559 1846 superare
1593 1792 1819 1843 exoptem.

257 1870 405 1911 Datae
435 1866 715 1922 Claudiopoli
744 1881 767 1908 e
796 1870 950 1908 nostro
981 1864 1178 1920 collegio,
1211 1877 1329 1905 anno
1360 1863 1418 1904 ab
1447 1861 1554 1903 orbe
1584 1859 1822 1914 redempto

129 1939 252 1993 1581,
297 1939 369 1981 die
410 1951 478 1981 21.
523 1937 813 1993 Septembris.

80 2019 115 2047 25
257 2011 381 2053 Tuae
421 2011 479 2052 M.
523 2008 835 2052 Dominationi
874 2006 1209 2049 addictissimus

870 2079 1128 2134 Stephanus
1160 2078 1327 2119 Arator
1359 2073 1619 2117 Pannonius
1649 2085 1762 2127 mpr.

255 2174 467 2215 Kidczime
487 2189 500 2213 .·
523 2173 727 2213 Prudenti
740 2178 782 2212 et
797 2173 962 2211 erudito
977 2172 1067 2211 viro
1083 2171 1265 2210 Domino
1282 2170 1314 2207 F
1317 2169 1491 2207 riderico
1507 2167 1558 2205 N.
1575 2164 1823 2216 [Raynaldi]

127 2235 406 2275 bibliothecae
443 2235 672 2273 Vaticanae
708 2233 934 2283 praefecto,
970 2232 1090 2270 unice
1125 2230 1245 2268 nobis
1281 2229 1433 2267 dilecto
1468 2231 1510 2265 et
1545 2223 1823 2264 observando.

128 2296 289 2334 Romae
316 2295 359 2333 in
386 2294 545 2346 palatio
574 2293 802 2332 Pontificis.

81 2376 117 2404 30
182 2372 373 2416 (Eredeti,
391 2370 615 2416 sajatkezfi‚
635 2380 658 2404 a
675 2369 803 2403 romai
819 2367 1004 2403 vatikani
1020 2365 1223 2411 konyvtar
1241 2363 1392 2408 Regina
1412 2371 1520 2405 2023.
1542 2361 1627 2394 kot.
1650 2368 1708 2403 23.
1728 2358 1772 2400 1.)

947 2499 1017 2542 65.

587 2589 837 2636 Kolozsvcir,
872 2588 985 2641 1581
1016 2584 1268 2640 szeptember
1298 2594 1366 2624 21.

439 2686 484 2724 P.
517 2684 672 2724 Szanto
704 2684 851 2722 Istvan
882 2681 1031 2720 Sirleto
1063 2679 1220 2718 Vilmos
1250 2674 1518 2716 biborosnak.

261 2772 295 2811 A
335 2770 555 2822 magyarok
590 2769 718 2809 irdnti
752 2767 984 2807 szeretetee'rt
1018 2764 1217 2816 hcilcijdrol
1252 2762 1450 2813 biztositja
1485 2761 1524 2800 ἐς
1560 2756 1621 2795 ket
1652 2755 1713 2795 <ivi
1740 2751 1829 2793 mdi-

86 2842 122 2870 35
134 2831 331 2872 Ιεόᾱὲεὲνόἰ
360 2830 521 2870 e'rtesiti.

267 2910 574 2954 Illustrissime
616 2907 809 2951 domine.
854 2908 951 2949 Pax
992 2903 1169 2948 Christi.

267 2983 522 3024 Immensus
548 2985 655 3022 tuus
680 2993 808 3022 amor
833 2982 879 3020 et
904 2973 1233 3023 benevolentia,
1262 2986 1401 3028 quam
1427 2984 1531 3026 erga
1556 2983 1641 3018 me,
1670 2980 1827 3023 quam-

139 3052 216 3094 diu
237 3054 409 3096 Romae
431 3052 508 3103 fui,
526 3050 778 3100 ostendisti,
796 3049 996 3093 virorum
1011 3043 1311 3089 eruditissime
1331 3047 1376 3085 et
1397 3041 1521 3085 omni
1541 3036 1830 3082 observantia

141 3121 1827 3145 Μ,

270 3165 284 3186 ⁸
312 3166 511 3210 Nicephor
546 3164 727 3199 Calixtus
763 3161 941 3197 bizanczi
976 3159 1034 3193 iro
1071 3155 1315 3200 valamelyik
1351 3154 1483 3188 mtive.
