<?xml version="1.0" encoding="UTF-8"?>
<!DOCTYPE html PUBLIC "-//W3C//DTD XHTML 1.0 Transitional//EN"
    "http://www.w3.org/TR/xhtml1/DTD/xhtml1-transitional.dtd">
<html xmlns="http://www.w3.org/1999/xhtml" xml:lang="en" lang="en">
 <head>
  <title>
</title>
<meta http-equiv="Content-Type" content="text/html;charset=utf-8" />
  <meta name='ocr-system' content='tesseract 3.04.00' />
  <meta name='ocr-capabilities' content='ocr_page ocr_carea ocr_par ocr_line ocrx_word'/>
</head>
<body>
  <div class='ocr_page' id='page_1' title='image "./epistolaeetactaj01vereuoft_0029.png"; bbox 0 0 2188 3535; ppageno 0'>
   <div class='ocr_carea' id='block_1_1' title="bbox 950 525 986 569">
    <p class='ocr_par' dir='ltr' id='par_1_1' title="bbox 950 525 986 569">
     <span class='ocr_line' id='line_1_1' title="bbox 950 525 986 569; baseline 0.056 -2"><span class='ocrx_word' id='word_1_1' title='bbox 950 525 986 569; x_wconf 95' lang='grc' dir='ltr'>Ι.</span> 
     </span>
    </p>
   </div>
   <div class='ocr_carea' id='block_1_2' title="bbox 592 655 1333 719">
    <p class='ocr_par' dir='ltr' id='par_1_2' title="bbox 592 655 1333 719">
     <span class='ocr_line' id='line_1_2' title="bbox 592 655 1333 719; baseline 0.022 -16"><span class='ocrx_word' id='word_1_2' title='bbox 592 655 923 708; x_wconf 88' lang='lat' dir='ltr'><strong>LEVELEK</strong></span> <span class='ocrx_word' id='word_1_3' title='bbox 958 658 1037 713; x_wconf 75' lang='grc' dir='ltr'>ΕΞ</span> <span class='ocrx_word' id='word_1_4' title='bbox 1070 664 1333 719; x_wconf 87' lang='grc' dir='ltr'><strong>ΑΚΤᾹΚ.</strong></span> 
     </span>
    </p>
   </div>
   <div class='ocr_carea' id='block_1_3' title="bbox 937 1037 978 1081">
    <p class='ocr_par' dir='ltr' id='par_1_3' title="bbox 937 1037 978 1081">
     <span class='ocr_line' id='line_1_3' title="bbox 937 1037 978 1081; baseline 0.049 -2"><span class='ocrx_word' id='word_1_5' title='bbox 937 1037 978 1081; x_wconf 91' lang='grc'>1.</span> 
     </span>
    </p>
   </div>
   <div class='ocr_carea' id='block_1_4' title="bbox 573 1148 1330 1215">
    <p class='ocr_par' dir='ltr' id='par_1_4' title="bbox 573 1148 1330 1215">
     <span class='ocr_line' id='line_1_4' title="bbox 573 1148 1330 1215; baseline 0.017 -25"><span class='ocrx_word' id='word_1_6' title='bbox 573 1148 821 1202; x_wconf 77' lang='lat' dir='ltr'>Kolozsvdr,</span> <span class='ocrx_word' id='word_1_7' title='bbox 856 1165 970 1209; x_wconf 79' lang='lat'><strong><em>1571</em></strong></span> <span class='ocrx_word' id='word_1_8' title='bbox 999 1157 1233 1201; x_wconf 80' lang='lat' dir='ltr'>deczember</span> <span class='ocrx_word' id='word_1_9' title='bbox 1264 1173 1330 1215; x_wconf 77' lang='lat'>14.</span> 
     </span>
    </p>
   </div>
   <div class='ocr_carea' id='block_1_5' title="bbox 364 1251 1540 1312">
    <p class='ocr_par' dir='ltr' id='par_1_5' title="bbox 364 1251 1540 1312">
     <span class='ocr_line' id='line_1_5' title="bbox 364 1251 1540 1312; baseline 0.019 -22"><span class='ocrx_word' id='word_1_10' title='bbox 364 1251 558 1308; x_wconf 77' lang='lat' dir='ltr'>Bathory</span> <span class='ocrx_word' id='word_1_11' title='bbox 588 1257 739 1298; x_wconf 75' lang='lat' dir='ltr'>Istvan</span> <span class='ocrx_word' id='word_1_12' title='bbox 769 1260 992 1312; x_wconf 78' lang='lat' dir='ltr'>sejedelem</span> <span class='ocrx_word' id='word_1_13' title='bbox 1023 1265 1068 1305; x_wconf 92' lang='lat' dir='ltr'>P.</span> <span class='ocrx_word' id='word_1_14' title='bbox 1101 1265 1258 1308; x_wconf 77' lang='lat' dir='ltr'>Szanto</span> <span class='ocrx_word' id='word_1_15' title='bbox 1291 1269 1540 1312; x_wconf 74' lang='lat' dir='ltr'>Istvannak.</span> 
     </span>
    </p>
   </div>
   <div class='ocr_carea' id='block_1_6' title="bbox 73 1348 1802 1467">
    <p class='ocr_par' dir='ltr' id='par_1_6' title="bbox 73 1348 1802 1467">
     <span class='ocr_line' id='line_1_6' title="bbox 236 1348 1802 1420; baseline 0.02 -33"><span class='ocrx_word' id='word_1_16' title='bbox 236 1348 438 1391; x_wconf 61' lang='lat' dir='ltr'>Elismerd</span> <span class='ocrx_word' id='word_1_17' title='bbox 457 1357 612 1395; x_wconf 79' lang='lat' dir='ltr'>szavait</span> <span class='ocrx_word' id='word_1_18' title='bbox 626 1359 667 1398; x_wconf 72' lang='grc' dir='ltr'>ἑε</span> <span class='ocrx_word' id='word_1_19' title='bbox 680 1359 881 1411; x_wconf 81' lang='lat' dir='ltr'>ajdnlata&#39;t</span> <span class='ocrx_word' id='word_1_20' title='bbox 892 1362 1087 1404; x_wconf 67' lang='lat' dir='ltr'>kdszonve</span> <span class='ocrx_word' id='word_1_21' title='bbox 1099 1365 1200 1413; x_wconf 81' lang='lat' dir='ltr'>ke&#39;ri,</span> <span class='ocrx_word' id='word_1_22' title='bbox 1219 1368 1353 1420; x_wconf 56' lang='lat'>7‘0‘7‘7&#39;622</span> <span class='ocrx_word' id='word_1_23' title='bbox 1366 1370 1410 1410; x_wconf 83' lang='lat' dir='ltr'>be</span> <span class='ocrx_word' id='word_1_24' title='bbox 1427 1372 1626 1414; x_wconf 67' lang='lat' dir='ltr'><em>mz&#39;c&#39;kddni</em></span> <span class='ocrx_word' id='word_1_25' title='bbox 1645 1377 1802 1418; x_wconf 78' lang='lat' dir='ltr'>csala&#39;di</span> 
     </span>
     <span class='ocr_line' id='line_1_7' title="bbox 73 1402 751 1467; baseline 0.025 -26"><span class='ocrx_word' id='word_1_26' title='bbox 73 1421 92 1448; x_wconf 84' lang='lat'>5</span> <span class='ocrx_word' id='word_1_27' title='bbox 102 1402 306 1448; x_wconf 72' lang='lat' dir='ltr'>birtoka&#39;ra</span> <span class='ocrx_word' id='word_1_28' title='bbox 320 1422 335 1448; x_wconf 89' lang='lat'><em>:</em></span> <span class='ocrx_word' id='word_1_29' title='bbox 364 1411 751 1467; x_wconf 66' lang='lat' dir='ltr'>Szila‘gysomlydra.</span> 
     </span>
    </p>
   </div>
   <div class='ocr_carea' id='block_1_7' title="bbox 227 1514 1792 1664">
    <p class='ocr_par' dir='ltr' id='par_1_7' title="bbox 227 1514 1792 1664">
     <span class='ocr_line' id='line_1_8' title="bbox 231 1514 1443 1579; baseline 0.018 -22"><span class='ocrx_word' id='word_1_30' title='bbox 231 1514 508 1562; x_wconf 81' lang='lat' dir='ltr'>Venerabilis</span> <span class='ocrx_word' id='word_1_31' title='bbox 537 1521 731 1573; x_wconf 89' lang='lat' dir='ltr'>domine,</span> <span class='ocrx_word' id='word_1_32' title='bbox 764 1526 893 1569; x_wconf 90' lang='lat' dir='ltr'>nobis</span> <span class='ocrx_word' id='word_1_33' title='bbox 921 1528 1196 1575; x_wconf 83' lang='lat' dir='ltr'>honorande.</span> <span class='ocrx_word' id='word_1_34' title='bbox 1229 1533 1443 1579; x_wconf 83' lang='lat' dir='ltr'><strong>Salutem.</strong></span> 
     </span>
     <span class='ocr_line' id='line_1_9' title="bbox 227 1587 1792 1664; baseline 0.019 -36"><span class='ocrx_word' id='word_1_35' title='bbox 227 1587 299 1629; x_wconf 83' lang='lat' dir='ltr'>Ex</span> <span class='ocrx_word' id='word_1_36' title='bbox 323 1588 464 1633; x_wconf 90' lang='lat' dir='ltr'>literis</span> <span class='ocrx_word' id='word_1_37' title='bbox 489 1592 580 1634; x_wconf 91' lang='lat' dir='ltr'>tuis</span> <span class='ocrx_word' id='word_1_38' title='bbox 598 1592 613 1617; x_wconf 80' lang='lat'>¹</span> <span class='ocrx_word' id='word_1_39' title='bbox 640 1608 732 1637; x_wconf 91' lang='lat' dir='ltr'>non</span> <span class='ocrx_word' id='word_1_40' title='bbox 757 1597 1030 1643; x_wconf 80' lang='lat' dir='ltr'>mediocrem</span> <span class='ocrx_word' id='word_1_41' title='bbox 1054 1604 1336 1659; x_wconf 82' lang='lat' dir='ltr'><strong>percepimus</strong></span> <span class='ocrx_word' id='word_1_42' title='bbox 1361 1612 1407 1649; x_wconf 87' lang='lat' dir='ltr'>et</span> <span class='ocrx_word' id='word_1_43' title='bbox 1432 1608 1792 1664; x_wconf 81' lang='lat' dir='ltr'>delectationem,</span> 
     </span>
    </p>
   </div>
   <div class='ocr_carea' id='block_1_8' title="bbox 33 1729 1794 3009">
    <p class='ocr_par' dir='ltr' id='par_1_8' title="bbox 33 1729 1794 3009">
     <span class='ocr_line' id='line_1_10' title="bbox 96 1729 1794 1809; baseline 0.018 -40"><span class='ocrx_word' id='word_1_44' title='bbox 96 1729 290 1772; x_wconf 86' lang='lat' dir='ltr'>alterum</span> <span class='ocrx_word' id='word_1_45' title='bbox 325 1731 522 1786; x_wconf 90' lang='lat' dir='ltr'>pietatis.</span> <span class='ocrx_word' id='word_1_46' title='bbox 563 1736 817 1781; x_wconf 90' lang='lat' dir='ltr'>Delectatio</span> <span class='ocrx_word' id='word_1_47' title='bbox 854 1741 965 1784; x_wconf 87' lang='lat' dir='ltr'>mihi</span> <span class='ocrx_word' id='word_1_48' title='bbox 1001 1744 1186 1799; x_wconf 88' lang='lat' dir='ltr'>quidem</span> <span class='ocrx_word' id='word_1_49' title='bbox 1223 1761 1388 1803; x_wconf 85' lang='lat' dir='ltr'>magna</span> <span class='ocrx_word' id='word_1_50' title='bbox 1424 1750 1524 1802; x_wconf 85' lang='lat' dir='ltr'>fuit,</span> <span class='ocrx_word' id='word_1_51' title='bbox 1564 1755 1687 1809; x_wconf 87' lang='lat' dir='ltr'>quod</span> <span class='ocrx_word' id='word_1_52' title='bbox 1723 1770 1794 1799; x_wconf 88' lang='lat' dir='ltr'>me</span> 
     </span>
     <span class='ocr_line' id='line_1_11' title="bbox 48 1799 1794 1880; baseline 0.018 -41"><span class='ocrx_word' id='word_1_53' title='bbox 48 1809 84 1837; x_wconf 80' lang='grc' dir='ltr'>ιο</span> <span class='ocrx_word' id='word_1_54' title='bbox 95 1799 302 1855; x_wconf 83' lang='lat' dir='ltr'>ignotum</span> <span class='ocrx_word' id='word_1_55' title='bbox 333 1803 401 1857; x_wconf 90' lang='lat' dir='ltr'>(ut</span> <span class='ocrx_word' id='word_1_56' title='bbox 427 1804 522 1859; x_wconf 91' lang='lat' dir='ltr'>ipse</span> <span class='ocrx_word' id='word_1_57' title='bbox 549 1806 758 1863; x_wconf 87' lang='lat' dir='ltr'>loqueris)</span> <span class='ocrx_word' id='word_1_58' title='bbox 791 1815 836 1852; x_wconf 94' lang='lat' dir='ltr'>et</span> <span class='ocrx_word' id='word_1_59' title='bbox 864 1813 959 1855; x_wconf 91' lang='lat' dir='ltr'>sola</span> <span class='ocrx_word' id='word_1_60' title='bbox 985 1816 1181 1859; x_wconf 91' lang='lat' dir='ltr'>nominis</span> <span class='ocrx_word' id='word_1_61' title='bbox 1208 1817 1331 1861; x_wconf 84' lang='lat' dir='ltr'>fama</span> <span class='ocrx_word' id='word_1_62' title='bbox 1359 1820 1444 1863; x_wconf 89' lang='lat' dir='ltr'>tibi</span> <span class='ocrx_word' id='word_1_63' title='bbox 1471 1831 1757 1880; x_wconf 91' lang='lat' dir='ltr'>perspectum</span> <span class='ocrx_word' id='word_1_64' title='bbox 1778 1828 1794 1854; x_wconf 80' lang='lat'>2</span> 
     </span>
     <span class='ocr_line' id='line_1_12' title="bbox 94 1871 1792 1950; baseline 0.018 -39"><span class='ocrx_word' id='word_1_65' title='bbox 94 1871 246 1927; x_wconf 91' lang='lat' dir='ltr'>aliqua</span> <span class='ocrx_word' id='word_1_66' title='bbox 284 1873 417 1916; x_wconf 89' lang='lat' dir='ltr'>laude</span> <span class='ocrx_word' id='word_1_67' title='bbox 455 1877 689 1921; x_wconf 82' lang='lat' dir='ltr'>honorasti</span> <span class='ocrx_word' id='word_1_68' title='bbox 727 1885 773 1922; x_wconf 94' lang='lat' dir='ltr'>et</span> <span class='ocrx_word' id='word_1_69' title='bbox 812 1896 865 1924; x_wconf 90' lang='lat' dir='ltr'>ea</span> <span class='ocrx_word' id='word_1_70' title='bbox 904 1884 959 1926; x_wconf 91' lang='lat' dir='ltr'>de</span> <span class='ocrx_word' id='word_1_71' title='bbox 998 1899 1133 1929; x_wconf 92' lang='lat' dir='ltr'>causa</span> <span class='ocrx_word' id='word_1_72' title='bbox 1165 1888 1367 1933; x_wconf 83' lang='lat' dir='ltr'>officiose</span> <span class='ocrx_word' id='word_1_73' title='bbox 1405 1898 1545 1950; x_wconf 87' lang='lat' dir='ltr'>atque</span> <span class='ocrx_word' id='word_1_74' title='bbox 1584 1903 1792 1940; x_wconf 87' lang='lat' dir='ltr'>amanter</span> 
     </span>
     <span class='ocr_line' id='line_1_13' title="bbox 93 1944 1789 2014; baseline 0.017 -31"><span class='ocrx_word' id='word_1_75' title='bbox 93 1944 434 1998; x_wconf 73' lang='lat' dir='ltr'>congratulatus</span> <span class='ocrx_word' id='word_1_76' title='bbox 466 1947 537 1990; x_wconf 89' lang='lat' dir='ltr'>sis.</span> <span class='ocrx_word' id='word_1_77' title='bbox 581 1950 714 2005; x_wconf 79' lang='lat' dir='ltr'>Quod</span> <span class='ocrx_word' id='word_1_78' title='bbox 746 1966 853 1995; x_wconf 91' lang='lat' dir='ltr'>vero</span> <span class='ocrx_word' id='word_1_79' title='bbox 886 1969 967 1998; x_wconf 91' lang='lat' dir='ltr'>nos</span> <span class='ocrx_word' id='word_1_80' title='bbox 1000 1961 1132 2001; x_wconf 89' lang='lat' dir='ltr'>tanta</span> <span class='ocrx_word' id='word_1_81' title='bbox 1164 1964 1209 2000; x_wconf 90' lang='lat' dir='ltr'>et</span> <span class='ocrx_word' id='word_1_82' title='bbox 1244 1963 1499 2014; x_wconf 89' lang='lat' dir='ltr'>verborum,</span> <span class='ocrx_word' id='word_1_83' title='bbox 1535 1971 1580 2008; x_wconf 91' lang='lat' dir='ltr'>et</span> <span class='ocrx_word' id='word_1_84' title='bbox 1613 1974 1789 2011; x_wconf 90' lang='lat' dir='ltr'>senten—</span> 
     </span>
     <span class='ocr_line' id='line_1_14' title="bbox 92 2012 1788 2093; baseline 0.018 -40"><span class='ocrx_word' id='word_1_85' title='bbox 92 2012 260 2057; x_wconf 91' lang='lat' dir='ltr'>tiarum</span> <span class='ocrx_word' id='word_1_86' title='bbox 294 2016 534 2071; x_wconf 84' lang='lat' dir='ltr'>gravitate,</span> <span class='ocrx_word' id='word_1_87' title='bbox 573 2020 628 2062; x_wconf 93' lang='lat' dir='ltr'>de</span> <span class='ocrx_word' id='word_1_88' title='bbox 665 2022 848 2077; x_wconf 90' lang='lat' dir='ltr'>pietate,</span> <span class='ocrx_word' id='word_1_89' title='bbox 888 2026 943 2068; x_wconf 92' lang='lat' dir='ltr'>de</span> <span class='ocrx_word' id='word_1_90' title='bbox 978 2028 1188 2084; x_wconf 81' lang='lat' dir='ltr'>religione</span> <span class='ocrx_word' id='word_1_91' title='bbox 1227 2033 1304 2086; x_wconf 92' lang='lat' dir='ltr'>[et]</span> <span class='ocrx_word' id='word_1_92' title='bbox 1345 2033 1399 2075; x_wconf 93' lang='lat' dir='ltr'>de</span> <span class='ocrx_word' id='word_1_93' title='bbox 1435 2040 1628 2093; x_wconf 89' lang='lat' dir='ltr'>utroque</span> <span class='ocrx_word' id='word_1_94' title='bbox 1663 2044 1788 2082; x_wconf 87' lang='lat' dir='ltr'>statu</span> 
     </span>
     <span class='ocr_line' id='line_1_15' title="bbox 90 2088 1783 2163; baseline 0.017 -39"><span class='ocrx_word' id='word_1_95' title='bbox 90 2098 258 2136; x_wconf 91' lang='lat' dir='ltr'>mones,</span> <span class='ocrx_word' id='word_1_96' title='bbox 293 2088 648 2134; x_wconf 81' lang='lat' dir='ltr'>consolationem</span> <span class='ocrx_word' id='word_1_97' title='bbox 681 2093 865 2149; x_wconf 83' lang='lat' dir='ltr'>dignam</span> <span class='ocrx_word' id='word_1_98' title='bbox 897 2101 942 2139; x_wconf 91' lang='lat' dir='ltr'>et</span> <span class='ocrx_word' id='word_1_99' title='bbox 975 2102 1034 2148; x_wconf 84' lang='lat' dir='ltr'>te,</span> <span class='ocrx_word' id='word_1_100' title='bbox 1069 2105 1114 2142; x_wconf 90' lang='lat' dir='ltr'>et</span> <span class='ocrx_word' id='word_1_101' title='bbox 1147 2103 1312 2145; x_wconf 88' lang='lat' dir='ltr'>nostris</span> <span class='ocrx_word' id='word_1_102' title='bbox 1343 2106 1476 2148; x_wconf 90' lang='lat' dir='ltr'>rebus</span> <span class='ocrx_word' id='word_1_103' title='bbox 1507 2110 1783 2163; x_wconf 88' lang='lat' dir='ltr'>praebuisti:</span> 
     </span>
     <span class='ocr_line' id='line_1_16' title="bbox 42 2159 1783 2231; baseline 0.017 -36"><span class='ocrx_word' id='word_1_104' title='bbox 42 2164 77 2191; x_wconf 87' lang='lat'>15</span> <span class='ocrx_word' id='word_1_105' title='bbox 89 2169 204 2210; x_wconf 90' lang='lat' dir='ltr'>quae</span> <span class='ocrx_word' id='word_1_106' title='bbox 220 2171 326 2199; x_wconf 91' lang='lat' dir='ltr'>sane</span> <span class='ocrx_word' id='word_1_107' title='bbox 342 2159 565 2203; x_wconf 91' lang='lat' dir='ltr'>medicina</span> <span class='ocrx_word' id='word_1_108' title='bbox 580 2162 783 2219; x_wconf 82' lang='lat' dir='ltr'>indigent</span> <span class='ocrx_word' id='word_1_109' title='bbox 800 2180 810 2216; x_wconf 86' lang='lat'>;</span> <span class='ocrx_word' id='word_1_110' title='bbox 832 2167 898 2209; x_wconf 90' lang='lat' dir='ltr'>ita</span> <span class='ocrx_word' id='word_1_111' title='bbox 914 2175 1019 2210; x_wconf 91' lang='lat' dir='ltr'>sunt</span> <span class='ocrx_word' id='word_1_112' title='bbox 1035 2172 1188 2215; x_wconf 90' lang='lat' dir='ltr'>omnia</span> <span class='ocrx_word' id='word_1_113' title='bbox 1202 2177 1482 2228; x_wconf 90' lang='lat' dir='ltr'>perturbata.</span> <span class='ocrx_word' id='word_1_114' title='bbox 1507 2178 1595 2221; x_wconf 83' lang='lat' dir='ltr'>Sed</span> <span class='ocrx_word' id='word_1_115' title='bbox 1612 2181 1783 2231; x_wconf 92' lang='lat' dir='ltr'>eadem,</span> 
     </span>
     <span class='ocr_line' id='line_1_17' title="bbox 88 2228 1786 2308; baseline 0.016 -41"><span class='ocrx_word' id='word_1_116' title='bbox 88 2240 226 2281; x_wconf 90' lang='lat' dir='ltr'>quam</span> <span class='ocrx_word' id='word_1_117' title='bbox 251 2228 298 2270; x_wconf 92' lang='lat' dir='ltr'>in</span> <span class='ocrx_word' id='word_1_118' title='bbox 322 2234 554 2284; x_wconf 92' lang='lat' dir='ltr'>postrema</span> <span class='ocrx_word' id='word_1_119' title='bbox 579 2234 796 2288; x_wconf 84' lang='lat' dir='ltr'>epistolae</span> <span class='ocrx_word' id='word_1_120' title='bbox 822 2242 928 2280; x_wconf 89' lang='lat' dir='ltr'>tuae</span> <span class='ocrx_word' id='word_1_121' title='bbox 954 2246 1083 2295; x_wconf 90' lang='lat' dir='ltr'>parte</span> <span class='ocrx_word' id='word_1_122' title='bbox 1110 2245 1421 2300; x_wconf 85' lang='lat' dir='ltr'>perscripsisti,</span> <span class='ocrx_word' id='word_1_123' title='bbox 1449 2249 1581 2291; x_wconf 91' lang='lat' dir='ltr'>nobis</span> <span class='ocrx_word' id='word_1_124' title='bbox 1606 2265 1786 2308; x_wconf 90' lang='lat' dir='ltr'>quoque</span> 
     </span>
     <span class='ocr_line' id='line_1_18' title="bbox 86 2297 1784 2377; baseline 0.016 -39"><span class='ocrx_word' id='word_1_125' title='bbox 86 2297 248 2351; x_wconf 89' lang='lat' dir='ltr'>placet,</span> <span class='ocrx_word' id='word_1_126' title='bbox 285 2300 322 2341; x_wconf 92' lang='lat' dir='ltr'>si</span> <span class='ocrx_word' id='word_1_127' title='bbox 356 2302 492 2344; x_wconf 92' lang='lat' dir='ltr'>modo</span> <span class='ocrx_word' id='word_1_128' title='bbox 527 2303 573 2345; x_wconf 93' lang='lat' dir='ltr'>in</span> <span class='ocrx_word' id='word_1_129' title='bbox 609 2310 740 2348; x_wconf 89' lang='lat' dir='ltr'>tanta</span> <span class='ocrx_word' id='word_1_130' title='bbox 775 2308 975 2353; x_wconf 73' lang='lat' dir='ltr'>virorum</span> <span class='ocrx_word' id='word_1_131' title='bbox 1009 2314 1336 2358; x_wconf 89' lang='lat' dir='ltr'>catholicorum</span> <span class='ocrx_word' id='word_1_132' title='bbox 1370 2319 1601 2373; x_wconf 87' lang='lat' dir='ltr'>paucitate</span> <span class='ocrx_word' id='word_1_133' title='bbox 1636 2321 1699 2377; x_wconf 85' lang='lat' dir='ltr'>pii</span> <span class='ocrx_word' id='word_1_134' title='bbox 1733 2337 1784 2365; x_wconf 91' lang='lat' dir='ltr'>ac</span> 
     </span>
     <span class='ocr_line' id='line_1_19' title="bbox 85 2367 1780 2447; baseline 0.016 -38"><span class='ocrx_word' id='word_1_135' title='bbox 85 2367 246 2418; x_wconf 89' lang='lat' dir='ltr'>idonei,</span> <span class='ocrx_word' id='word_1_136' title='bbox 276 2371 335 2413; x_wconf 90' lang='lat' dir='ltr'>ad</span> <span class='ocrx_word' id='word_1_137' title='bbox 356 2371 611 2417; x_wconf 89' lang='lat' dir='ltr'>docendum</span> <span class='ocrx_word' id='word_1_138' title='bbox 630 2390 681 2418; x_wconf 94' lang='lat' dir='ltr'>ac</span> <span class='ocrx_word' id='word_1_139' title='bbox 700 2379 1055 2432; x_wconf 87' lang='lat' dir='ltr'>praedicandum</span> <span class='ocrx_word' id='word_1_140' title='bbox 1076 2386 1267 2428; x_wconf 87' lang='lat' dir='ltr'>verbum</span> <span class='ocrx_word' id='word_1_141' title='bbox 1293 2387 1377 2429; x_wconf 89' lang='lat' dir='ltr'>Dei</span> <span class='ocrx_word' id='word_1_142' title='bbox 1398 2390 1579 2445; x_wconf 89' lang='lat' dir='ltr'>reperiri</span> <span class='ocrx_word' id='word_1_143' title='bbox 1593 2393 1780 2447; x_wconf 90' lang='lat' dir='ltr'>possint.</span> 
     </span>
     <span class='ocr_line' id='line_1_20' title="bbox 87 2439 1782 2509; baseline 0.016 -29"><span class='ocrx_word' id='word_1_144' title='bbox 87 2439 172 2481; x_wconf 89' lang='lat' dir='ltr'>Hic</span> <span class='ocrx_word' id='word_1_145' title='bbox 206 2442 353 2496; x_wconf 89' lang='lat' dir='ltr'>pauci,</span> <span class='ocrx_word' id='word_1_146' title='bbox 384 2444 463 2499; x_wconf 89' lang='lat' dir='ltr'>qui</span> <span class='ocrx_word' id='word_1_147' title='bbox 500 2444 696 2498; x_wconf 83' lang='lat' dir='ltr'>fuerunt,</span> <span class='ocrx_word' id='word_1_148' title='bbox 737 2463 893 2493; x_wconf 87' lang='lat' dir='ltr'>omnes</span> <span class='ocrx_word' id='word_1_149' title='bbox 930 2454 1105 2508; x_wconf 85' lang='lat' dir='ltr'>expulsi</span> <span class='ocrx_word' id='word_1_150' title='bbox 1142 2461 1248 2498; x_wconf 91' lang='lat' dir='ltr'>sunt</span> <span class='ocrx_word' id='word_1_151' title='bbox 1265 2470 1276 2507; x_wconf 85' lang='lat'>;</span> <span class='ocrx_word' id='word_1_152' title='bbox 1315 2463 1471 2509; x_wconf 88' lang='lat' dir='ltr'>restat,</span> <span class='ocrx_word' id='word_1_153' title='bbox 1512 2467 1564 2503; x_wconf 90' lang='lat' dir='ltr'>ut</span> <span class='ocrx_word' id='word_1_154' title='bbox 1602 2463 1782 2506; x_wconf 86' lang='lat' dir='ltr'>aliunde</span> 
     </span>
     <span class='ocr_line' id='line_1_21' title="bbox 36 2511 1782 2589; baseline 0.016 -39"><span class='ocrx_word' id='word_1_155' title='bbox 36 2516 73 2543; x_wconf 84' lang='lat'>20</span> <span class='ocrx_word' id='word_1_156' title='bbox 84 2511 421 2567; x_wconf 90' lang='lat' dir='ltr'>prospiciamus.</span> <span class='ocrx_word' id='word_1_157' title='bbox 457 2516 518 2557; x_wconf 94' lang='lat' dir='ltr'>At</span> <span class='ocrx_word' id='word_1_158' title='bbox 551 2517 629 2572; x_wconf 91' lang='lat' dir='ltr'>qui</span> <span class='ocrx_word' id='word_1_159' title='bbox 662 2519 933 2565; x_wconf 86' lang='lat' dir='ltr'>medicinam</span> <span class='ocrx_word' id='word_1_160' title='bbox 964 2523 1049 2566; x_wconf 92' lang='lat' dir='ltr'>rite</span> <span class='ocrx_word' id='word_1_161' title='bbox 1080 2531 1227 2580; x_wconf 88' lang='lat' dir='ltr'>parat,</span> <span class='ocrx_word' id='word_1_162' title='bbox 1262 2527 1383 2572; x_wconf 90' lang='lat' dir='ltr'>idem</span> <span class='ocrx_word' id='word_1_163' title='bbox 1414 2545 1595 2589; x_wconf 89' lang='lat' dir='ltr'>quoque</span> <span class='ocrx_word' id='word_1_164' title='bbox 1627 2548 1782 2578; x_wconf 90' lang='lat' dir='ltr'>curare</span> 
     </span>
     <span class='ocr_line' id='line_1_22' title="bbox 84 2585 1779 2655; baseline 0.016 -33"><span class='ocrx_word' id='word_1_165' title='bbox 84 2585 129 2622; x_wconf 90' lang='lat' dir='ltr'>et</span> <span class='ocrx_word' id='word_1_166' title='bbox 148 2595 306 2625; x_wconf 92' lang='lat' dir='ltr'>sanare</span> <span class='ocrx_word' id='word_1_167' title='bbox 325 2585 455 2627; x_wconf 88' lang='lat' dir='ltr'>novit</span> <span class='ocrx_word' id='word_1_168' title='bbox 476 2600 483 2628; x_wconf 89' lang='lat'><strong>:</strong></span> <span class='ocrx_word' id='word_1_169' title='bbox 507 2601 702 2643; x_wconf 89' lang='lat' dir='ltr'>quorum</span> <span class='ocrx_word' id='word_1_170' title='bbox 722 2595 966 2648; x_wconf 89' lang='lat' dir='ltr'>utrumque</span> <span class='ocrx_word' id='word_1_171' title='bbox 986 2599 1031 2636; x_wconf 91' lang='lat' dir='ltr'>et</span> <span class='ocrx_word' id='word_1_172' title='bbox 1054 2596 1165 2638; x_wconf 84' lang='lat' dir='ltr'>velle</span> <span class='ocrx_word' id='word_1_173' title='bbox 1186 2602 1243 2647; x_wconf 92' lang='lat' dir='ltr'>te,</span> <span class='ocrx_word' id='word_1_174' title='bbox 1267 2604 1312 2641; x_wconf 92' lang='lat' dir='ltr'>et</span> <span class='ocrx_word' id='word_1_175' title='bbox 1332 2614 1461 2655; x_wconf 91' lang='lat' dir='ltr'>posse</span> <span class='ocrx_word' id='word_1_176' title='bbox 1481 2617 1573 2646; x_wconf 92' lang='lat' dir='ltr'>non</span> <span class='ocrx_word' id='word_1_177' title='bbox 1592 2605 1779 2648; x_wconf 91' lang='lat' dir='ltr'>obscure</span> 
     </span>
     <span class='ocr_line' id='line_1_23' title="bbox 83 2650 1775 2731; baseline 0.017 -39"><span class='ocrx_word' id='word_1_178' title='bbox 83 2650 346 2706; x_wconf 83' lang='lat' dir='ltr'>significasti</span> <span class='ocrx_word' id='word_1_179' title='bbox 379 2661 425 2698; x_wconf 89' lang='lat' dir='ltr'>et</span> <span class='ocrx_word' id='word_1_180' title='bbox 457 2658 650 2709; x_wconf 90' lang='lat' dir='ltr'>nomine,</span> <span class='ocrx_word' id='word_1_181' title='bbox 688 2665 733 2702; x_wconf 91' lang='lat' dir='ltr'>et</span> <span class='ocrx_word' id='word_1_182' title='bbox 754 2676 913 2717; x_wconf 87' lang='lat' dir='ltr'>genere</span> <span class='ocrx_word' id='word_1_183' title='bbox 944 2666 1195 2710; x_wconf 89' lang='lat' dir='ltr'>vocationis</span> <span class='ocrx_word' id='word_1_184' title='bbox 1228 2674 1273 2712; x_wconf 93' lang='lat' dir='ltr'>et</span> <span class='ocrx_word' id='word_1_185' title='bbox 1307 2670 1508 2716; x_wconf 90' lang='lat' dir='ltr'>instituti</span> <span class='ocrx_word' id='word_1_186' title='bbox 1541 2676 1775 2731; x_wconf 90' lang='lat' dir='ltr'>qualitate.</span> 
     </span>
     <span class='ocr_line' id='line_1_24' title="bbox 83 2721 1778 2802; baseline 0.017 -39"><span class='ocrx_word' id='word_1_187' title='bbox 83 2721 195 2765; x_wconf 94' lang='lat' dir='ltr'>Peto</span> <span class='ocrx_word' id='word_1_188' title='bbox 225 2738 329 2781; x_wconf 86' lang='lat' dir='ltr'>ergo</span> <span class='ocrx_word' id='word_1_189' title='bbox 360 2731 405 2768; x_wconf 90' lang='lat' dir='ltr'>te</span> <span class='ocrx_word' id='word_1_190' title='bbox 436 2729 740 2782; x_wconf 86' lang='lat' dir='ltr'>vehementer,</span> <span class='ocrx_word' id='word_1_191' title='bbox 774 2738 826 2776; x_wconf 89' lang='lat' dir='ltr'>ut</span> <span class='ocrx_word' id='word_1_192' title='bbox 857 2736 1108 2780; x_wconf 86' lang='lat' dir='ltr'>vocationis</span> <span class='ocrx_word' id='word_1_193' title='bbox 1139 2743 1245 2782; x_wconf 91' lang='lat' dir='ltr'>tuae</span> <span class='ocrx_word' id='word_1_194' title='bbox 1276 2742 1500 2787; x_wconf 86' lang='lat' dir='ltr'>rationem</span> <span class='ocrx_word' id='word_1_195' title='bbox 1530 2747 1657 2802; x_wconf 90' lang='lat' dir='ltr'>sequi</span> <span class='ocrx_word' id='word_1_196' title='bbox 1688 2762 1778 2790; x_wconf 92' lang='lat' dir='ltr'>non</span> 
     </span>
     <span class='ocr_line' id='line_1_25' title="bbox 83 2797 1772 2872; baseline 0.017 -38"><span class='ocrx_word' id='word_1_197' title='bbox 83 2805 256 2838; x_wconf 89' lang='lat' dir='ltr'>recuses</span> <span class='ocrx_word' id='word_1_198' title='bbox 274 2810 285 2847; x_wconf 85' lang='lat'>;</span> <span class='ocrx_word' id='word_1_199' title='bbox 308 2802 361 2839; x_wconf 89' lang='lat' dir='ltr'>ut</span> <span class='ocrx_word' id='word_1_200' title='bbox 383 2797 504 2842; x_wconf 90' lang='lat' dir='ltr'>idem</span> <span class='ocrx_word' id='word_1_201' title='bbox 526 2802 692 2844; x_wconf 91' lang='lat' dir='ltr'>actoris</span> <span class='ocrx_word' id='word_1_202' title='bbox 713 2809 866 2858; x_wconf 90' lang='lat' dir='ltr'>partes</span> <span class='ocrx_word' id='word_1_203' title='bbox 887 2806 1116 2863; x_wconf 87' lang='lat' dir='ltr'>suscipias,</span> <span class='ocrx_word' id='word_1_204' title='bbox 1141 2810 1220 2866; x_wconf 87' lang='lat' dir='ltr'>qui</span> <span class='ocrx_word' id='word_1_205' title='bbox 1241 2814 1512 2858; x_wconf 90' lang='lat' dir='ltr'>consultoris</span> <span class='ocrx_word' id='word_1_206' title='bbox 1533 2818 1772 2872; x_wconf 84' lang='lat' dir='ltr'>perfecisti.</span> 
     </span>
     <span class='ocr_line' id='line_1_26' title="bbox 33 2862 1775 2941; baseline 0.017 -37"><span class='ocrx_word' id='word_1_207' title='bbox 33 2862 506 2912; x_wconf 82' lang='lat' dir='ltr'>25C0mmodissimum</span> <span class='ocrx_word' id='word_1_208' title='bbox 537 2876 693 2915; x_wconf 90' lang='lat' dir='ltr'>autem</span> <span class='ocrx_word' id='word_1_209' title='bbox 708 2874 857 2918; x_wconf 92' lang='lat' dir='ltr'>locum</span> <span class='ocrx_word' id='word_1_210' title='bbox 873 2876 958 2919; x_wconf 92' lang='lat' dir='ltr'>tibi</span> <span class='ocrx_word' id='word_1_211' title='bbox 976 2891 1028 2920; x_wconf 93' lang='lat' dir='ltr'>ac</span> <span class='ocrx_word' id='word_1_212' title='bbox 1049 2879 1140 2922; x_wconf 90' lang='lat' dir='ltr'>tuis</span> <span class='ocrx_word' id='word_1_213' title='bbox 1159 2882 1289 2925; x_wconf 91' lang='lat' dir='ltr'>sociis</span> <span class='ocrx_word' id='word_1_214' title='bbox 1309 2884 1554 2941; x_wconf 86' lang='lat' dir='ltr'>delegimus</span> <span class='ocrx_word' id='word_1_215' title='bbox 1574 2888 1620 2930; x_wconf 92' lang='lat' dir='ltr'>in</span> <span class='ocrx_word' id='word_1_216' title='bbox 1640 2889 1775 2932; x_wconf 92' lang='lat' dir='ltr'>domo</span> 
     </span>
     <span class='ocr_line' id='line_1_27' title="bbox 82 2937 1772 3009; baseline 0.017 -34"><span class='ocrx_word' id='word_1_217' title='bbox 82 2937 126 2974; x_wconf 89' lang='lat' dir='ltr'>et</span> <span class='ocrx_word' id='word_1_218' title='bbox 148 2937 422 2990; x_wconf 89' lang='lat' dir='ltr'>patrimonio</span> <span class='ocrx_word' id='word_1_219' title='bbox 444 2946 600 2985; x_wconf 87' lang='lat' dir='ltr'>nostro</span> <span class='ocrx_word' id='word_1_220' title='bbox 623 2944 820 3001; x_wconf 83' lang='lat' dir='ltr'>Somlyo,</span> <span class='ocrx_word' id='word_1_221' title='bbox 847 2947 925 3004; x_wconf 89' lang='lat' dir='ltr'>qui</span> <span class='ocrx_word' id='word_1_222' title='bbox 947 2949 1093 3004; x_wconf 89' lang='lat' dir='ltr'>qualis</span> <span class='ocrx_word' id='word_1_223' title='bbox 1115 2951 1187 3002; x_wconf 90' lang='lat' dir='ltr'>sit,</span> <span class='ocrx_word' id='word_1_224' title='bbox 1213 2953 1250 2995; x_wconf 92' lang='lat' dir='ltr'>is</span> <span class='ocrx_word' id='word_1_225' title='bbox 1273 2957 1580 3009; x_wconf 89' lang='lat' dir='ltr'>praesentium</span> <span class='ocrx_word' id='word_1_226' title='bbox 1602 2960 1772 3002; x_wconf 84' lang='lat' dir='ltr'>exhibi-</span> 
     </span>
    </p>
   </div>
   <div class='ocr_carea' id='block_1_9' title="bbox 81 3027 1769 3060">
    <p class='ocr_par' dir='ltr' id='par_1_9' title="bbox 81 3027 1769 3060">
     <span class='ocr_line' id='line_1_28' title="bbox 81 3027 1769 3060; baseline 0.018 -30"><span class='ocrx_word' id='word_1_227' title='bbox 81 3027 1769 3060; x_wconf 24' lang='lat' dir='ltr'>&amp;zu—QX*—</span> 
     </span>
    </p>
   </div>
   <div class='ocr_carea' id='block_1_10' title="bbox 205 3069 1720 3195">
    <p class='ocr_par' dir='ltr' id='par_1_10' title="bbox 205 3069 1720 3195">
     <span class='ocr_line' id='line_1_29' title="bbox 205 3069 765 3120; baseline 0.018 -16"><span class='ocrx_word' id='word_1_228' title='bbox 205 3069 220 3091; x_wconf 86' lang='lat'>¹</span> <span class='ocrx_word' id='word_1_229' title='bbox 246 3070 368 3107; x_wconf 81' lang='lat' dir='ltr'>Ninos</span> <span class='ocrx_word' id='word_1_230' title='bbox 396 3085 498 3120; x_wconf 89' lang='lat' dir='ltr'>meg,</span> <span class='ocrx_word' id='word_1_231' title='bbox 527 3076 765 3114; x_wconf 87' lang='lat' dir='ltr'>ismeretlen.</span> 
     </span>
     <span class='ocr_line' id='line_1_30' title="bbox 207 3128 1720 3195; baseline 0.015 -32"><span class='ocrx_word' id='word_1_232' title='bbox 207 3128 221 3150; x_wconf 85' lang='lat'><strong>²</strong></span> <span class='ocrx_word' id='word_1_233' title='bbox 249 3128 386 3166; x_wconf 89' lang='lat' dir='ltr'>Ekkor</span> <span class='ocrx_word' id='word_1_234' title='bbox 413 3134 530 3169; x_wconf 79' lang='lat' dir='ltr'>tehat</span> <span class='ocrx_word' id='word_1_235' title='bbox 558 3137 649 3181; x_wconf 81' lang='lat' dir='ltr'>meg</span> <span class='ocrx_word' id='word_1_236' title='bbox 674 3148 765 3172; x_wconf 89' lang='lat' dir='ltr'>nem</span> <span class='ocrx_word' id='word_1_237' title='bbox 790 3139 981 3175; x_wconf 78' lang='lat' dir='ltr'>ismertek</span> <span class='ocrx_word' id='word_1_238' title='bbox 1005 3144 1202 3189; x_wconf 62' lang='lat' dir='ltr'>egymzsst,</span> <span class='ocrx_word' id='word_1_239' title='bbox 1233 3147 1389 3182; x_wconf 79' lang='lat' dir='ltr'>mikent</span> <span class='ocrx_word' id='word_1_240' title='bbox 1413 3149 1533 3195; x_wconf 88' lang='lat' dir='ltr'>eddig</span> <span class='ocrx_word' id='word_1_241' title='bbox 1557 3151 1720 3186; x_wconf 86' lang='lat' dir='ltr'>tudtuk.</span> 
     </span>
    </p>
   </div>
   <div class='ocr_carea' id='block_1_11' title="bbox 148 3208 1623 3257">
    <p class='ocr_par' dir='ltr' id='par_1_11' title="bbox 148 3208 1623 3257">
     <span class='ocr_line' id='line_1_31' title="bbox 148 3208 1623 3257; baseline 0.024 -24"><span class='ocrx_word' id='word_1_242' title='bbox 148 3208 251 3236; x_wconf 49' lang='lat' dir='ltr'>Fontes</span> <span class='ocrx_word' id='word_1_243' title='bbox 271 3212 377 3240; x_wconf 86' lang='lat' dir='ltr'>Rerum</span> <span class='ocrx_word' id='word_1_244' title='bbox 395 3215 682 3249; x_wconf 80' lang='lat' dir='ltr'>Transylvaniearum</span> <span class='ocrx_word' id='word_1_245' title='bbox 703 3221 725 3247; x_wconf 91' lang='grc' dir='ltr'>Ι.</span> <span class='ocrx_word' id='word_1_246' title='bbox 1610 3232 1623 3257; x_wconf 82' lang='grc' dir='ltr'>Ῑ</span> 
     </span>
    </p>
   </div>
  </div>
 </body>
</html>
