2188 3535
151 204 343 251 15741'1‘11·
383 207 442 252 15]
920 208 993 244 No·
1027 220 1051 253 4
1811 222 1832 256 7

144 322 470 366 criminatorias
501 327 546 366 et
577 325 733 380 plenas
765 326 878 369 dolis
909 326 1141 383 componit
1173 326 1338 377 literas,
1372 326 1420 369 in
1451 327 1616 384 quibus
1648 334 1832 371 accusat

143 394 311 436 iustum
344 394 528 436 crimine
555 396 824 450 proditionis
856 401 902 439 et
932 398 1077 440 laesae
1109 398 1372 440 maiestatis.
1414 399 1670 454 Imperator
1705 399 1833 442 lectis

141 463 293 513 literis,
338 464 463 507 iubet
505 466 735 510 hominem
777 467 824 510 in
866 468 1056 511 vinculis
1099 469 1351 518 custodiri,3
1381 469 1523 511 donec
1558 483 1695 512 causa
1737 469 1832 512 eius

141 535 376 590 diligenter
418 535 730 588 discuteretur,
777 553 867 594 qua
911 539 1172 581 examinata
1215 544 1261 581 et
1296 539 1554 582 innocentia
1584 540 1678 582 eius
1711 555 1830 583 com—

91 618 109 645 5
140 609 281 661 perta,
322 610 426 661 post
449 607 597 662 plures
621 622 796 651 menses
818 623 841 650 e
865 623 1038 652 carcere
1061 611 1267 666 squalore
1291 625 1404 666 pene
1427 611 1659 654 confectus
1681 612 1830 654 educi-

139 681 213 718 tur
226 681 271 718 et
286 676 399 718 liber
418 677 703 729 dimittitur,4
719 680 798 736 qui
816 680 1004 722 domum
1025 681 1212 730 rediens,
1237 681 1447 724 iniuriam
1468 682 1633 724 iniuste
1655 682 1830 725 illatam

137 747 464 803 patientissime
497 749 616 791 tulit.
655 751 758 792 Non
790 751 936 793 multo
969 756 1072 806 post
1105 752 1283 807 regulus
1316 752 1436 794 iusto
1469 752 1554 795 Dei
1585 752 1751 795 iudicio
1784 758 1829 795 et

136 817 232 861 vita
247 823 292 862 et
311 832 447 874 regno
473 820 681 875 privatur
706 826 752 864 et
777 823 984 877 Bathory
1008 827 1248 879 tamquam
1273 823 1387 866 alter
1411 824 1596 880 Joseph,
1624 828 1678 866 ut
1702 838 1828 880 prae-

135 888 277 933 mium
310 889 526 946 reciperet
559 891 855 943 innocentiae,
881 906 904 934 e
935 907 1109 935 carcere
1143 893 1203 936 ad
1235 894 1359 949 regni
1392 894 1694 949 gubernacula
1729 909 1828 951 pro-

87 970 120 997 10
134 965 370 1012 movetur;
416 962 494 1018 qui
537 976 641 1005 cum
684 978 776 1006 non
818 963 912 1006 sine
954 964 1082 1019 gravi
1123 964 1264 1006 animi
1307 978 1507 1007 maerore
1550 965 1828 1020 conspiceret

131 1031 328 1085 patriam
371 1046 501 1076 suam
543 1034 701 1077 nidum
744 1034 947 1077 omnium
989 1035 1318 1090 propemodum
1360 1035 1612 1077 haeresium
1640 1035 1825 1086 factam,

130 1101 190 1143 ad
225 1103 373 1146 Deum
409 1118 663 1155 conversus,
700 1105 767 1148 ita
801 1119 950 1148 orasse
985 1105 1155 1147 fertur:
1192 1106 1382 1147 Domine
1415 1106 1571 1147 Deus!
1609 1107 1678 1148 Tu
1712 1108 1827 1149 nosti

130 1187 195 1215 me
218 1174 328 1216 hanc
351 1176 607 1230 dignitatem
637 1190 724 1218 non
742 1177 1016 1224 desiderasse,
1042 1180 1215 1231 propter
1238 1176 1519 1231 cupiditatem
1541 1177 1826 1231 imperitandi

129 1249 166 1286 et
186 1245 377 1295 divitias,
402 1247 475 1288 sed
501 1251 684 1296 tantum,
713 1252 761 1289 ut
779 1248 973 1302 patriam
999 1251 1144 1288 contra
1177 1246 1376 1288 barbaros
1408 1246 1674 1300 defenderem
1706 1252 1742 1289 et
1773 1248 1824 1289 ab

80 1323 115 1350 15
127 1316 373 1360 haeresibus
401 1323 439 1360 et
465 1319 588 1360 sectis
617 1322 912 1373 expurgarent.
945 1318 1005 1359 Et
1034 1316 1142 1372 quia
1169 1317 1216 1358 in
1236 1316 1451 1359 electione
1472 1321 1656 1359 coactus
1677 1317 1824 1360 fuerat

127 1387 392 1442 promittere
443 1401 488 1430 se
540 1388 766 1430 neminem
813 1387 949 1430 armis
992 1392 1178 1443 propter
1218 1387 1357 1430 fidem
1408 1390 1824 1444 persequuturum,⁵

126 1472 358 1513 aggressus
387 1463 455 1501 est
484 1458 621 1501 aliam
649 1458 774 1501 Viam
802 1458 1030 1500 mitiorem
1058 1459 1263 1500 haereses
1284 1463 1330 1500 et
1353 1472 1522 1501 errores
1543 1458 1824 1515 exstirpandi

125 1542 204 1583 per
238 1529 472 1572 conciones
507 1534 553 1572 et
588 1529 817 1572 doctrinas
852 1529 1125 1572 catholicas:
1164 1529 1320 1585 itaque
1356 1534 1536 1572 maturo
1571 1529 1685 1572 inito
1720 1544 1823 1572 con-

124 1599 221 1642 silio
246 1599 423 1656 scripsit
448 1600 508 1643 ad
532 1600 765 1657 episcopos
789 1605 834 1642 et
860 1599 1100 1642 canonicos
1124 1600 1351 1656 Ungariae
1375 1600 1542 1650 literas,
1586 1600 1633 1642 in
1657 1600 1823 1657 quibus

75 1671 311 1714 2⁰summis
332 1672 391 1714 ab
412 1671 521 1727 ipsis
548 1671 757 1727 precibus
788 1671 1036 1719 contendit,
1070 1676 1122 1713 ut
1155 1671 1241 1714 sibi
1272 1672 1446 1728 aliquot
1478 1671 1664 1714 idoneos
1695 1672 1821 1714 verbi

122 1741 207 1784 Dei
257 1741 488 1785 ministros
539 1757 621 1798 pro
673 1742 964 1785 conversione
1028 1756 1135 1784 suae
1197 1742 1456 1798 provinciae
1508 1742 1819 1784 concederent.

122 1812 331 1856 Liberam
366 1814 506 1856 etiam
541 1814 761 1856 concessit
796 1813 1014 1856 redeundi
1048 1813 1095 1855 in
1129 1813 1508 1870 Transylvaniam
1544 1818 1820 1869 potestatem

121 1883 331 1926 omnibus
377 1884 592 1940 religiosis
639 1889 684 1927 et
732 1884 965 1927 catholicis
1013 1884 1336 1933 sacerdotibus,
1387 1899 1501 1941 quos
1548 1884 1820 1940 praecedens

119 1954 316 1997 vaivoda
340 1955 594 1998 haereticus
619 1955 914 2011 ignominiose
940 1970 963 1997 e
989 1969 1125 2010 regno
1151 1957 1419 1998 exturbarat
1440 1969 1449 2006 ;
1478 1970 1637 1998 verum
1663 1955 1819 1997 multis

72 2025 324 2081 25precibus
364 2031 409 2069 et
449 2027 680 2083 promissis
720 2027 797 2069 vix
836 2041 993 2077 unum,
1054 2031 1135 2069 aut
1188 2027 1383 2069 alterum
1423 2027 1575 2082 potuit
1615 2025 1818 2068 obtinere

118 2095 263 2152 primo
290 2097 367 2140 illo
395 2112 514 2140 anno
543 2112 649 2140 suae
677 2097 919 2140 electionis.
953 2097 1047 2152 Ipsi
1074 2097 1292 2140 enimmet
1321 2097 1513 2154 praelati
1540 2102 1586 2139 et
1614 2096 1817 2139 canonici

117 2172 249 2210 tanta
284 2173 554 2225 premuntur
602 2169 755 2225 inopia
805 2170 1029 2211 bonorum
1065 2173 1111 2211 et
1148 2169 1475 2211 catholicorum
1511 2167 1812 2216 sacerdotum,

116 2244 168 2281 ut
188 2239 236 2281 in
259 2240 415 2283 multis
438 2240 616 2296 oppidis
638 2245 684 2282 et
707 2240 931 2295 parochiis
953 2239 1268 2295 episcoporum
1290 2244 1371 2281 aut
1393 2239 1517 2289 nulli,
1559 2242 1640 2281 aut
1662 2239 1814 2280 haere-

116 2310 194 2352 tici
238 2311 495 2354 habeantur
540 2311 809 2360 sacerdotes,
858 2324 971 2367 quos
1017 2324 1227 2353 amovere
1274 2324 1365 2352 non
1411 2310 1595 2359 audent,
1645 2307 1814 2364 partim

67 2382 103 2409 3⁰
115 2387 299 2438 propter
328 2382 484 2438 populi
514 2382 778 2431 tumultum,
812 2381 981 2437 partim
1011 2381 1164 2431 etiam,
1197 2381 1304 2437 quia
1334 2380 1592 2430 catholicos,
1625 2393 1738 2435 quos
1768 2379 1814 2420 in

114 2452 263 2496 locum
284 2453 464 2496 illorum
486 2453 783 2502 substituant,
809 2467 901 2494 non
922 2452 1173 2501 inveniunt,
1199 2451 1245 2492 in
1266 2451 1432 2493 finibus
1448 2465 1554 2493 vero
1571 2449 1809 2506 Ungariae,

114 2523 191 2566 ubi
208 2529 468 2580 perpetuae,
495 2528 669 2566 aestate
693 2528 739 2565 et
762 2523 923 2571 hieme,
950 2527 1057 2565 sunt
1081 2522 1366 2564 excursiones
1381 2523 1631 2564 Turcarum
1645 2525 1692 2563 et
1707 2534 1811 2562 con-

113 2594 261 2638 flictus
300 2609 405 2638 cum
444 2594 638 2650 Ungaris
677 2593 991 2650 praesidiariis.
1035 2594 1120 2635 Per
1159 2592 1321 2648 viginti
1360 2597 1405 2634 et
1447 2591 1810 2649 vigintiquinque

113 2665 317 2709 milliaria
339 2666 565 2721 Ungarica
593 2665 704 2707 nulli
735 2664 919 2707 omnino
948 2663 1243 2706 inveniuntur
1273 2663 1540 2713 sacerdotes,
1574 2677 1656 2705 nec
1686 2661 1807 2710 boni,

65 2816 100 2843 35
236 2815 252 2836 3
280 2816 337 2850 ΕΖ
363 2815 544 2850 Becsben
569 2815 737 2856 tortent,
770 2816 865 2859 1566
893 2813 1059 2860 nyaran.

237 2874 252 2896 ⁴
279 2875 528 2920 Fogsagabol
551 2874 735 2920 Bathory
757 2875 853 2909 esak
881 2875 973 2919 1567
998 2873 1133 2918 junius
1156 2873 1283 2918 vegen
1311 2873 1524 2907 szabadult
1546 2872 1588 2906 ki
1611 2871 1652 2906 es
1674 2872 1804 2907 indul-

111 2933 247 2968 hatott
273 2934 386 2968 haza.

240 2991 254 3013 ⁵
281 2992 360 3026 Ezt
388 3004 434 3027 az
470 3001 563 3036 1572
595 2991 726 3037 majus
758 2991 873 3035 25-en
903 2990 1098 3035 megnyilt
1128 2990 1261 3024 tordai
1289 2989 1620 3035 orszaggyi'ilesen
1663 2988 1804 3032 vegzes

112 3049 327 3094 alakjaban
357 3051 390 3085 is
421 3050 769 3095 megerosittettek
788 3061 811 3084 a
833 3049 1136 3094 fejedelernmel,
1163 3048 1425 3088 kimondvdn,
1452 3048 1559 3092 hogy
1592 3046 1803 3080 »senkinek

64 3107 99 3134 40
112 3106 282 3143 bantasa
304 3120 352 3143 ne
375 3110 517 3155 legyen
540 3121 586 3143 az
608 3109 832 3154 religidbm,
857 3109 906 3142 de
928 3107 1114 3152 egyuttal
1135 3107 1338 3141 hatalmat
1359 3106 1487 3141 adtak
1505 3105 1597 3139 neki
1615 3116 1639 3139 a
1658 3103 1802 3138 vallas-

111 3165 241 3210 ujitok
258 3168 483 3203 fildozesere
502 3168 542 3203 es
554 3168 810 3202 biintetesere
830 3180 840 3208 ;
858 3166 1022 3211 Erdelyi
1038 3165 1331 3211 orszaggyi'ilesi
1348 3164 1529 3199 emlekek
1544 3163 1598 3197 II.
1615 3163 1653 3196 k.
1672 3163 1756 3207 528.
1775 3162 1799 3195 l.
