2188 3535
127 162 222 203 1582
255 158 353 193 febr.
386 157 500 202 eleje]
885 160 962 194 No.
990 171 1036 204 72
1735 168 1806 203 215

124 276 464 334 quomodolibet
487 276 718 326 concessis,
745 277 1008 332 approbatis
1038 283 1083 320 et
1113 277 1355 320 innovatis.
1397 277 1570 334 Quibus
1600 276 1813 320 omnibus

126 347 304 390 etiamsi
331 361 411 403 pro
440 346 618 389 illorum
646 345 887 389 sufficienti
916 348 1204 404 derogatione
1232 349 1287 390 de
1315 347 1400 390 illis
1428 362 1675 404 eorumque
1703 348 1813 391 totis

125 418 356 461 tenoribus
376 417 592 473 specialis,
617 417 836 473 specifica,
860 418 1109 469 individua,
1134 433 1343 475 expressa
1364 424 1409 461 et
1432 419 1491 461 ad
1512 419 1702 462 verbum
1724 433 1814 461 non

126 493 281 531 autem
299 502 378 544 per
395 488 617 530 clausulas
635 489 860 543 generales
880 488 1000 532 idem
1019 490 1318 546 importantes
1338 489 1508 532 mentio
1527 504 1606 532 seu
1624 489 1812 547 quaevis

75 577 94 603 5
127 559 214 602 alia
237 558 461 614 expressio
485 559 696 601 habenda
719 564 800 601 aut
825 559 977 615 aliqua
1000 560 1088 602 alia
1112 560 1337 616 exquisita
1361 560 1508 603 forma
1531 560 1592 602 ad
1613 561 1698 603 hoc
1724 574 1811 603 ser-

124 630 276 672 vanda
312 629 426 672 foret
463 634 640 672 tenores
676 629 935 672 huiusmodi
971 645 1022 673 ac
1059 631 1096 673 si
1132 631 1192 673 ad
1228 631 1418 673 verbum
1470 631 1580 673 nihil
1631 630 1812 687 penitus

123 699 287 743 omisso
303 705 347 742 et
364 703 511 744 forma
525 700 571 741 in
592 700 676 742 illis
696 700 877 751 tradita,
896 701 1138 743 observata
1152 701 1306 743 inserti
1327 701 1475 744 forent
1497 701 1811 757 praesentibus

124 785 204 826 pro
227 770 502 813 sufficienter
524 771 743 826 expressis
765 772 985 814 habentes
1008 771 1092 814 illis
1115 772 1225 814 alias
1248 771 1294 814 in
1317 786 1397 814 suo
1421 773 1579 815 robore
1603 787 1810 828 perman-

124 840 237 884 suris
259 842 344 883 hac
367 841 465 884 vice
489 841 716 884 duntaxat
740 842 992 897 specialiter
1015 847 1059 885 et
1084 856 1289 899 expresse
1313 842 1581 898 derogamus
1604 842 1812 885 caeteris-

77 931 111 957 ιο
125 926 212 968 que
244 912 479 954 contrariis
512 912 868 968 quibuscunque.
900 913 1023 955 Nulli
1055 927 1158 969 ergo
1191 913 1375 956 omnino
1407 913 1647 956 hominum
1678 913 1812 956 liceat

124 983 240 1025 hanc
274 982 487 1039 paginam
522 988 702 1025 nostrae
735 983 983 1032 erectionis,
1019 983 1331 1032 institutionis,
1368 983 1671 1032 subiectionis,
1709 998 1812 1026 con-

127 1053 348 1102 cessionis,
400 1053 728 1103 reservationis,
780 1053 1129 1103 constitutionis,
1183 1053 1510 1110 assignationis.
1564 1054 1731 1096 decreti
1765 1059 1808 1096 et

127 1124 427 1180 derogationis
464 1124 702 1180 infringere
740 1124 811 1167 vel
848 1124 887 1167 ei
925 1139 1037 1167 ausu
1075 1124 1312 1167 temerario
1351 1123 1586 1167 contraire.
1629 1124 1675 1166 Si
1713 1124 1813 1180 quis

126 1199 281 1237 autem
302 1196 387 1237 hoc
408 1199 636 1237 attentare
652 1195 1001 1251 praesumpserit
1017 1194 1374 1251 indignationem
1389 1194 1716 1250 omnipotentis
1732 1195 1814 1237 Dei

77 1284 113 1312 15
126 1280 177 1308 ac
194 1266 432 1308 beatorum
450 1266 572 1308 Petri
587 1270 632 1308 et
650 1265 778 1308 Pauli
794 1266 1102 1321 apostolorum
1124 1265 1218 1308 eius
1242 1279 1288 1308 se
1312 1264 1488 1308 noverit
1513 1265 1810 1308 incursurum.

258 1338 433 1379 Datum
466 1339 653 1385 Romae,
687 1335 811 1391 apud
842 1336 1061 1379 Sanctum
1094 1337 1293 1378 Petrum.
1328 1337 1460 1378 Anno
1493 1335 1814 1378 incarnationis

127 1406 379 1449 dominicae
418 1407 654 1449 Millesimo
692 1406 1025 1462 quingentesito
1064 1406 1369 1462 octuagesimo
1408 1406 1619 1449 secundo.
1661 1407 1815 1449 Nonas

126 1477 370 1520 Februarii.
412 1477 713 1519 Pontificatus
750 1476 892 1519 nostri
931 1491 1048 1519 anno
1087 1477 1338 1520 undecimo.

256 1547 470 1604 Magister
506 1547 773 1590 Datariatus
809 1548 854 1590 C.
893 1549 945 1589 A.
985 1547 1240 1590 Glorierius.

72 1639 108 1666 20
1342 1621 1394 1662 A.
1429 1619 1484 1661 de
1516 1618 1697 1662 Alexiis.

250 1723 381 1762 Kim‘ll
400 1737 413 1761 .·
446 1722 687 1774 Registrata
719 1722 834 1774 apud
865 1722 1085 1761 Caesarem
1114 1722 1399 1761 secretarium.

124 1812 287 1855 (Romai
304 1823 400 1856 1724
421 1816 638 1858 augusztus
664 1813 782 1847 11-iki
801 1813 941 1846 hiteles
962 1811 1161 1846 masolata
1181 1823 1227 1846 az
1248 1811 1514 1857 O.1.Erde1yi
1533 1812 1682 1846 fiskalis
1702 1813 1820 1846 level-

121 1871 212 1906 tara
228 1871 367 1906 XXII.
385 1871 602 1917 szekrenye
619 1872 664 1905 Β.
682 1871 778 1905 fasc.
802 1881 832 1905 1.
851 1891 901 1895 —
916 1870 1106 1915 Egykorsi
1123 1870 1340 1904 kivonatat
1356 1871 1556 1905 kozoltem
1572 1882 1619 1905 az
1638 1871 1818 1916 »Erdelyi

637 1930 843 1964 Muzeum«
875 1930 981 1974 1906.
1011 1929 1089 1963 evi.
1119 1929 1180 1963 60.
1211 1929 1253 1971 1.)

72 2062 108 2090 25
938 2050 1008 2093 72.

536 2151 783 2199 Kolozsvdr,
818 2152 930 2204 1582
961 2151 1233 2205 [sebrucirius
1265 2150 1406 2205 elesa]

457 2257 494 2295 A
522 2255 757 2295 kolozsvari
786 2254 1211 2306 jezsuita—kollegium
1240 2254 1488 2303 visitatioja.

249 2353 298 2391 P.
332 2352 565 2392 Visitatoris
602 2351 885 2390 instructiones
923 2354 996 2403 pro
1034 2350 1196 2402 collegio
1224 2348 1593 2400 Claudiopolitano,
1620 2347 1818 2398 recognito

122 2426 145 2450 a
168 2413 217 2451 R.
241 2413 290 2451 P.
314 2413 369 2451 N.
394 2411 593 2451 Generali.
618 2411 741 2450 Anno
762 2412 881 2461 1582.

72 2549 109 2577 30
811 2525 898 2568 Pro
935 2522 1123 2565 ecclesia.

254 2627 292 2657 Ι.
334 2614 686 2670 Quamprimum
717 2617 899 2669 tegatur
929 2611 1061 2654 fovea
1091 2611 1137 2652 in
1169 2610 1316 2652 medio
1349 2608 1558 2652 ecclesiae
1589 2607 1816 2664 lapidibus

121 2689 167 2728 et
193 2690 379 2741 propter
404 2685 673 2733 decentiam,
702 2689 747 2726 et
774 2687 959 2740 propter
983 2681 1231 2738 periculum
1253 2685 1298 2722 et
1321 2684 1537 2736 purgetur
1575 2679 1813 2735 templum,

120 2756 385 2812 praesertim
406 2771 433 2798 a
454 2755 715 2812 pulveribus
736 2758 781 2797 et
804 2753 904 2796 telis
935 2766 1202 2795 aranearum
1236 2751 1282 2793 in
1317 2751 1455 2793 muris
1476 2754 1522 2793 et
1557 2749 1815 2793 fornicibus.

236 2839 276 2869 2.
311 2827 414 2869 Fiat
441 2827 583 2869 altare
619 2825 765 2869 maius
807 2839 911 2867 cum
948 2823 1039 2866 suis
1076 2822 1288 2878 gradibus
1326 2820 1527 2877 lapideis,
1567 2819 1818 2864 commodis

73 2914 112 2941 35
123 2897 182 2939 ad
213 2898 560 2940 ascendendum.

255 2980 295 3021 3.
329 2968 569 3011 Sternatur
614 2966 931 3024 pavimentum
977 2963 1206 3007 sacristiae
1252 2963 1481 3012 lateribus,
1530 2963 1612 3004 fiat
1660 2974 1817 3003 mensa

124 3036 270 3092 lignea
294 3037 342 3081 in
369 3039 557 3081 modum
585 3052 714 3081 arcae
742 3050 944 3093 magnae,
969 3049 1073 3077 cum
1101 3048 1181 3076 suo
1210 3033 1403 3075 scabello
1425 3037 1594 3075 autem.
1621 3031 1707 3074 Hic
1729 3045 1816 3073 ser-

125 3107 357 3151 vabuntur
386 3109 613 3152 ordinaria
644 3123 724 3165 pro
756 3107 926 3163 templo
970 3110 1015 3148 et
1063 3108 1331 3161 paramenta
1378 3117 1457 3158 pro
1505 3101 1816 3145 sacerdotibus
