2188 3535
94 201 184 242 1581
223 198 327 231 decz.
367 197 428 240 10]
855 195 928 231 No.
958 198 1007 232 68
1705 200 1778 234 207

95 317 396 372 [coepissent],
413 328 532 356 nunc
549 314 735 356 mallent
752 327 846 356 esse
861 315 945 356 sub
961 314 1183 370 prioribus
1199 311 1404 361 dominis,
1416 310 1520 352 licet
1536 309 1598 351 illi
1614 309 1782 351 iudica-

90 391 246 428 rentur
267 385 454 427 caeteris
476 384 758 426 crudeliores.
784 385 903 427 Item
925 385 1170 440 praeterito
1200 397 1318 426 anno
1350 395 1402 424 10
1433 381 1578 424 coloni
1609 395 1665 422 ex
1694 394 1788 422 uno

91 471 207 513 pago
230 456 528 499 discesserunt
551 460 595 497 et
619 469 674 497 ex
697 455 783 497 alio
809 468 859 497 11
877 456 936 498 ad
952 456 1223 511 principium
1241 453 1436 510 proximi
1451 452 1569 495 veris
1582 451 1787 493 recedere

91 528 438 576 constituerunt,
457 540 548 568 non
569 526 628 568 ob
645 525 781 575 aliud,
806 540 945 581 quam
968 527 1091 582 quod
1117 541 1208 568 non
1230 529 1414 580 possent
1441 523 1555 565 ferre
1582 522 1787 564 insolitos

42 614 59 640 5
90 599 279 647 labores,
323 597 383 640 ad
424 611 537 653 quos
579 597 925 652 compelluntur.
969 598 1118 639 Tanta
1161 601 1315 638 autern
1357 594 1599 637 severitate
1640 592 1788 635 utitur

90 669 136 710 in
165 668 485 725 compellendis
512 668 598 709 illis
627 668 686 709 ad
713 667 928 717 laborem,
958 673 1010 710 ut
1040 668 1075 710 si
1105 668 1205 723 quis
1233 671 1423 709 vocatus
1451 679 1543 707 non
1571 664 1787 706 continuo

90 739 258 789 veniat,
282 739 441 781 statim
463 737 621 781 coniici
642 738 796 780 iubeat
829 738 875 780 in
906 743 1105 781 taetrum
1138 743 1182 780 et
1215 738 1456 780 obscurum
1488 749 1710 777 carcerem
1741 734 1789 775 in

90 815 244 853 nostro
270 811 504 852 Monostor
529 814 573 851 et
599 809 662 851 ibi
687 815 890 851 maneret
916 824 1032 865 pane
1058 815 1102 851 et
1129 823 1260 864 aqua,
1293 812 1337 850 et
1369 821 1459 849 non
1482 806 1679 855 emittat,
1702 804 1788 847 nisi

91 882 175 923 sub
205 880 553 923 fideiussoribus.
605 881 724 922 Item
754 880 801 922 id
831 881 1122 923 vehementer
1152 879 1392 921 exacerbat
1424 878 1616 927 colonos,
1664 875 1788 932 quod

42 969 77 996 10
90 966 261 994 novum
291 952 479 994 modum
509 951 706 993 vexandi
735 965 810 993 eos
839 951 1027 1001 invexit,
1058 951 1184 992 iubet
1216 961 1239 1003 5
1271 954 1351 991 aut
1381 949 1407 991 6
1436 962 1528 990 una
1556 948 1654 989 vice
1683 961 1787 989 con-

91 1023 242 1065 vocari
270 1023 316 1064 in
344 1022 580 1078 collegium
608 1028 652 1064 et
681 1037 773 1064 non
800 1022 1026 1078 permittit
1055 1036 1130 1064 eos
1157 1022 1182 1064 8
1212 1025 1291 1063 aut
1320 1033 1346 1074 9
1375 1018 1600 1061 continuis
1629 1018 1787 1060 diebus

91 1108 114 1136 e
141 1094 324 1149 collegio
352 1093 500 1149 egredi
521 1107 529 1144 ;
560 1099 696 1135 antea
722 1093 874 1135 cibum
901 1107 1052 1135 secum
1080 1092 1192 1134 ferre
1219 1091 1409 1146 cogebat
1431 1104 1438 1131 :
1468 1103 1589 1131 nunc
1616 1087 1788 1144 aliquid

91 1165 204 1220 nigri
244 1165 374 1220 panis
414 1170 458 1207 et
500 1178 644 1220 aquae
684 1164 861 1219 proiicit
901 1164 999 1213 illis,
1042 1163 1182 1205 veluti
1235 1160 1472 1216 mancipiis
1523 1161 1786 1202 Turcarum.

92 1236 176 1279 His
214 1236 404 1278 diebus1
438 1235 484 1276 in
523 1249 654 1277 curru
693 1240 737 1276 et
777 1234 902 1290 equis
941 1235 1201 1276 colonorum
1233 1232 1378 1288 co'e‘git
1410 1245 1456 1273 se
1487 1230 1591 1273 ferri
1622 1230 1789 1271 Albam

42 1326 77 1352 15
91 1307 275 1361 Juliam,
310 1321 414 1349 curn
436 1320 600 1361 magno
623 1306 898 1348 detrimento
930 1305 1132 1360 ipsorum
1153 1318 1160 1346 :
1195 1304 1262 1345 ita
1282 1307 1334 1345 ut
1357 1301 1502 1344 coloni
1524 1305 1791 1356 cogerentur

91 1377 131 1419 ei
161 1378 408 1419 conducere
439 1391 619 1419 currum
651 1391 754 1418 curn
785 1381 1005 1431 quattuor
1035 1375 1190 1431 equis:
1224 1373 1301 1430 qui
1332 1387 1435 1415 cum
1467 1372 1788 1414 conduxissent

92 1462 195 1490 curn
219 1448 364 1490 tribus
387 1447 526 1503 equis,
552 1447 712 1496 noluit,
738 1447 816 1488 sed
839 1447 984 1502 coegit
1009 1461 1083 1488 eos
1103 1450 1319 1502 quartum
1338 1458 1506 1500 equum
1525 1443 1785 1491 conducere,

92 1519 314 1561 famulum
337 1518 470 1561 dare:
512 1518 622 1574 Quis
650 1531 854 1573 unquam
877 1518 1190 1571 Jesuvitarum
1220 1516 1330 1558 talia
1360 1515 1500 1557 fecit?
1536 1515 1655 1556 Item
1686 1527 1789 1555 curn

93 1604 148 1631 ex
170 1589 346 1631 cellario
368 1589 524 1631 rustici
545 1588 687 1631 nostri
710 1603 791 1630 vas
813 1588 907 1631 vini
930 1589 1234 1637 extraherent,
1269 1601 1375 1629 casu
1405 1586 1596 1628 circulus
1617 1585 1789 1626 fractus

46 1665 175 1710 mest,
206 1661 348 1702 effusa
375 1665 443 1702 est
472 1674 578 1702 casu
605 1673 771 1715 magna
799 1674 903 1715 pars
930 1659 1024 1701 vini
1053 1664 1097 1701 et
1126 1658 1271 1714 coegit
1299 1658 1485 1700 miseros
1511 1657 1609 1698 illos
1637 1660 1789 1697 totum

95 1731 313 1774 damnum
353 1731 537 1780 solvere,
579 1745 670 1773 non
710 1745 836 1773 secus
875 1745 926 1772 ac
967 1731 1002 1772 si
1043 1730 1193 1772 studio
1234 1729 1471 1771 fecissent:
1515 1730 1787 1783 rogaverunt

95 1816 175 1858 pro
212 1802 298 1844 illis
334 1802 419 1845 viri
456 1802 680 1851 catholici,
718 1802 797 1857 qui
833 1801 1022 1844 visitant
1060 1806 1267 1843 nostrum
1304 1800 1540 1855 templum,
1579 1804 1631 1840 ut
1668 1797 1792 1839 illam

95 1873 311 1916 iniustam
350 1872 632 1915 exactionem
671 1873 937 1922 remitteret,
979 1872 1178 1929 alioquin
1216 1886 1307 1914 non
1345 1871 1491 1914 solum
1529 1869 1672 1918 nobis,
1713 1867 1793 1910 sed

96 1944 306 1987 omnibus
351 1948 584 1999 praeterea
629 1944 874 1993 catholicis,
923 1943 1001 2001 qui
1047 1943 1268 1985 accedunt
1315 1946 1521 1984 nostrum
1568 1940 1790 1995 templum

48 2015 189 2059 afore
227 2015 274 2057 id
310 2015 536 2064 scandalo,
577 2014 783 2058 dedecori
820 2019 866 2057 et
903 2014 1174 2070 ignominiae
1207 2027 1359 2056 coram
1390 2012 1638 2061 haereticis,
1674 2011 1792 2052 inter

96 2100 210 2142 quos
257 2085 472 2128 vivimus.

213 2157 331 2199 Item
378 2156 448 2199 his
497 2156 655 2199 diebus
702 2156 876 2199 invenit
924 2170 1096 2199 novum
1145 2170 1284 2211 genus
1332 2153 1591 2196 exactionis.
1642 2154 1792 2194 Antea

97 2227 330 2283 proximus
365 2232 519 2270 noster
554 2241 696 2282 pagus
732 2228 938 2269 solvebat
975 2241 1159 2269 censum
1195 2226 1382 2268 localem
1431 2224 1560 2266 annis
1608 2222 1793 2277 singulis

96 2299 151 2353 48
184 2299 376 2341 florenos
409 2303 454 2341 et
487 2298 636 2353 parati
669 2303 775 2340 sunt
808 2298 953 2340 iurare
987 2303 1066 2340 aut
1099 2297 1252 2338 literas
1285 2296 1459 2338 adferre
1492 2295 1550 2336 ab
1583 2293 1792 2335 omnibus

48 2390 84 2416 30
97 2369 349 2425 praefectis,
373 2383 486 2425 quos
508 2373 614 2411 ante
634 2383 716 2411 nos
736 2369 994 2411 habuerunt
1016 2382 1025 2418 ;
1049 2373 1093 2410 et
1115 2373 1271 2410 tamen
1290 2381 1382 2409 non
1403 2366 1502 2408 vult
1524 2379 1598 2407 eos
1619 2363 1789 2413 audire,

97 2441 176 2482 sed
210 2440 348 2496 exigit
383 2441 439 2482 60
470 2440 673 2482 florenos.
712 2440 824 2482 Cum
859 2444 1014 2482 tamen
1049 2453 1169 2480 nova
1203 2437 1394 2493 pedagia
1427 2436 1712 2492 imponentes
1746 2434 1793 2476 in

96 2511 220 2554 bulla
252 2512 425 2554 Coenae
468 2510 927 2553 excommunicentur.
972 2510 1026 2551 In
1065 2509 1134 2551 his
1174 2513 1219 2550 et
1260 2507 1479 2550 similibus
1519 2505 1796 2562 gravissimis

97 2582 230 2624 rebus
259 2582 425 2624 nullius
455 2581 618 2637 accipit
641 2595 647 2622 ;
680 2581 804 2623 nulla
833 2581 885 2622 fit
916 2579 1202 2622 consultatio.
1236 2578 1446 2621 Provisor
1475 2582 1627 2619 noster
1655 2577 1793 2618 homo

98 2653 350 2702 saecularis,
378 2652 449 2694 cui
475 2652 700 2694 commisit
727 2652 850 2694 illam
876 2651 1092 2692 iniustam
1119 2650 1416 2699 exactionem,
1444 2649 1586 2690 fertur
1611 2647 1793 2690 cuidam

50 2723 216 2779 35patri
243 2728 398 2766 nostro
426 2725 637 2778 Ungaro:
668 2722 871 2778 profecto
899 2721 1054 2764 malim
1082 2721 1234 2776 potius
1261 2721 1355 2776 ipse
1383 2734 1438 2762 ex
1465 2733 1566 2762 meo
1595 2719 1701 2760 dare
1728 2717 1793 2759 illi

96 2799 277 2836 tantam
325 2794 578 2851 pecuniam,
629 2808 768 2850 quam
816 2807 952 2848 supra
1000 2791 1180 2834 solitam
1229 2790 1602 2833 consuetudinem
1651 2789 1791 2844 exigit

98 2879 124 2907 a
150 2865 356 2915 subditis,
385 2866 495 2908 dum
521 2865 656 2907 modo
682 2879 774 2906 non
800 2864 966 2906 iaceret
993 2868 1038 2905 et
1065 2862 1149 2904 sibi
1175 2867 1221 2904 et
1246 2862 1376 2905 vobis
1402 2861 1612 2904 omnibus
1638 2873 1792 2902 coram

98 2940 197 2977 toto
233 2950 368 2991 regno
405 2936 541 2978 istam
577 2935 883 2992 ignominiam.
924 2935 1036 2976 Cum
1071 2947 1188 2975 unus
1224 2948 1279 2975 ex
1315 2933 1523 2988 patribus
1560 2946 1663 2973 cum
1699 2944 1792 2972 uno

99 3005 236 3048 fratre
262 3007 544 3049 convenisset
571 3006 765 3049 iudicem
793 3005 992 3048 civitatis
1019 3009 1063 3046 et
1092 3004 1292 3053 dixisset,
1321 3003 1596 3059 superiorem
1623 3001 1788 3057 pollere

53 3118 87 3144 40
226 3107 239 3127 ¹
268 3107 328 3140 Itt
344 3107 491 3141 Szanto
507 3107 853 3152 megfeledkezven
870 3106 985 3145 arrol‚
1004 3106 1110 3150 hogy
1125 3105 1269 3138 latinul
1284 3104 1330 3144 ir,
1348 3102 1558 3148 magyarul
1575 3102 1789 3146 folytatta,

99 3162 302 3197 athuzvan
336 3175 360 3198 a
392 3164 614 3198 kovetkezc'i
646 3164 735 3198 leirt
768 3164 987 3198 szavakat:
1031 3163 1063 3196 E
1098 3162 1313 3207 napokban
1348 3172 1371 3195 a
1403 3159 1682 3205 jobb[agyok].
