2188 3535
137 199 232 244 1583
265 197 347 242 jan.
382 198 446 241 28]
906 198 980 232 No.
1012 199 1057 244 83
1762 206 1828 240 251

945 311 1015 354 83.

564 409 611 451 N
613 410 877 464 iepoiomice,
912 422 939 453 Ι
941 411 997 464 58
998 422 1026 463 3
1055 410 1293 465 januarius
1325 411 1392 453 28.

132 513 325 564 Bathory
350 512 498 552 Istvan
524 511 661 562 kiraly
685 511 926 551 ve'dolevele
952 526 998 551 az
1025 513 1414 564 Erdelyorszagban
1440 512 1503 551 6Ιὸ
1529 511 1831 551 katholikusok

521 571 564 609 es
592 570 785 609 vallasuk
814 572 1222 623 szabadgyakorlata
1251 572 1498 611 erdekeben.

78 677 100 705 5
259 669 353 710 Nos
385 668 642 724 Stephanus
685 669 769 711 Dei
801 669 947 724 gratia
979 683 1057 712 rex
1090 668 1301 711 Poloniae
1347 673 1430 710 etc.
1479 681 1655 709 necnon
1689 667 1828 708 Tran-

129 738 362 795 sylvaniae
398 739 604 794 princeps
640 744 723 782 etc.
764 739 996 782 Universis
1032 745 1076 782 et
1113 739 1297 794 singulis
1332 738 1639 793 cuiuscunque
1675 742 1826 779 status

129 814 175 852 et
217 809 487 852 conditionis
529 810 788 852 hominibus
830 815 928 853 tam
970 810 1294 866 spiritualibus,
1340 823 1480 865 quam
1522 808 1828 850 saecularibus

128 880 175 922 in
198 894 334 936 regno
359 886 513 923 nostro
537 881 893 937 Transylvaniae
919 887 964 923 et
989 895 1041 923 ea
1065 886 1194 936 parte
1220 879 1493 935 Hungariae,
1521 893 1637 934 quae
1663 878 1826 920 ditioni

128 956 309 993 nostrae
334 952 502 1000 subest,
530 952 918 994 commorantibus
943 958 1105 994 notum
1130 956 1443 1006 testatumque
1469 949 1673 997 facimus,
1702 948 1827 1004 quod

79 1031 116 1059 10
128 1036 233 1064 cum
267 1022 568 1064 necessarium
604 1037 697 1065 esse
733 1023 779 1064 in
814 1023 947 1065 rebus
983 1022 1175 1078 publicis
1211 1021 1460 1068 videamus
1499 1025 1550 1061 ut
1587 1033 1692 1061 cum
1729 1019 1828 1061 aliis

127 1093 274 1141 rebus,
318 1098 420 1135 tum
452 1093 740 1149 potissimum
771 1093 888 1135 inter
920 1093 1186 1135 dissidentes
1218 1092 1273 1134 de
1305 1090 1516 1146 religione
1548 1094 1697 1131 certus
1729 1089 1827 1145 qui-

129 1163 237 1206 dam
266 1164 428 1206 modus
458 1169 596 1219 atque
625 1164 735 1206 ordo
765 1164 1083 1211 constituatur,
1114 1177 1170 1205 ne
1200 1162 1314 1204 alter
1343 1160 1528 1203 alterius
1557 1159 1828 1202 iurisdictio-

128 1248 233 1276 nem
266 1234 615 1277 ecclesiasticam
648 1249 728 1290 pro
762 1249 807 1276 se
840 1240 1042 1289 usurpet,
1079 1247 1268 1288 eamque
1302 1237 1471 1273 temere
1504 1231 1675 1278 turbet,
1710 1230 1831 1272 unde

129 1304 324 1360 plurima
353 1305 643 1347 incommoda
672 1311 717 1347 et
749 1305 1034 1347 confusiones
1064 1310 1202 1359 atque
1233 1302 1346 1345 adeo
1378 1300 1697 1343 distractiones
1727 1300 1831 1342 oriri

80 1384 115 1412 15
129 1375 317 1431 possint,
345 1380 526 1418 nostrae
551 1375 688 1432 igitur
713 1389 846 1417 curae
871 1375 1131 1417 incumbere
1156 1374 1307 1416 visum
1332 1378 1413 1421 est,
1441 1377 1493 1413 ut
1518 1371 1624 1413 huic
1650 1385 1832 1426 quoque

130 1446 263 1494 malo,
320 1461 376 1488 ne
417 1446 553 1489 latius
595 1451 761 1501 serpat,
806 1445 1147 1502 quamprimum
1189 1443 1567 1500 praeveniremus.
1614 1441 1830 1484 Relatum

129 1521 197 1558 est
222 1516 342 1558 enim
366 1516 495 1559 nobis
520 1517 757 1572 plerosque
782 1516 984 1572 religioni
1010 1518 1244 1558 Romanae
1269 1520 1313 1557 et
1339 1513 1589 1556 catholicae
1614 1512 1828 1554 adversos

128 1587 330 1629 homines
373 1601 551 1630 summa
594 1602 698 1629 cum
740 1587 1013 1643 indignitate
1057 1586 1384 1628 catholicorum
1426 1584 1473 1626 in
1515 1584 1649 1625 rebus
1692 1583 1827 1624 eccle-

127 1657 318 1700 siasticis
349 1672 428 1700 suo
460 1658 647 1700 arbitrio
678 1658 1035 1700 iurisdictionem
1067 1657 1299 1713 quandam
1331 1669 1562 1710 usurpare,
1587 1654 1647 1696 ad
1676 1653 1832 1696 illicita

76 1729 354 1771 2⁰connubia
383 1729 455 1771 vel
487 1728 626 1771 etiam
657 1728 854 1771 divortia
884 1728 1130 1771 catholicos
1159 1741 1327 1782 cogere,
1361 1740 1465 1768 cum
1495 1739 1652 1768 earum
1681 1738 1833 1767 rerum

128 1799 253 1842 notio
268 1814 359 1842 non
374 1801 431 1842 ad
444 1800 659 1842 adversae
673 1805 820 1842 sectae
833 1799 1050 1847 homines,
1065 1799 1144 1841 sed
1155 1799 1214 1840 ad
1229 1798 1350 1853 ipsos
1362 1796 1608 1839 catholicos
1625 1794 1833 1851 propriae

126 1870 352 1926 pertineat
385 1885 437 1913 ac
471 1885 667 1926 aequum
701 1870 772 1919 sit,
808 1875 860 1912 ut
895 1869 1147 1912 catholicus
1180 1868 1299 1910 inter
1320 1867 1580 1916 catholicos,
1614 1865 1832 1908 sectarius

127 1941 245 1983 inter
277 1941 491 1984 sectarios
525 1955 628 1983 suos
663 1941 1014 1983 ecclesiasticam
1049 1955 1179 1982 suam
1213 1938 1572 1981 iurisdictionem
1606 1941 1827 1979 exerceat.

134 2012 296 2067 Quare,
333 2017 385 2053 ut
422 2011 632 2067 deinceps
668 2012 726 2054 ab
762 2011 983 2054 eiusmodi
1017 2009 1339 2053 iurisdictionis
1375 2008 1638 2051 confusione
1674 2021 1831 2062 quem-

75 2092 111 2120 25
127 2082 237 2124 libet
272 2082 476 2124 ordinem
511 2082 792 2124 vindicemus
825 2097 890 2132 ac,
917 2087 970 2124 ut
1005 2081 1158 2124 omnia
1193 2081 1403 2123 decenter
1437 2078 1639 2134 legitimo
1675 2076 1831 2119 ordine

127 2158 354 2208 gerantur,
382 2153 716 2201 constituimus,
744 2153 955 2194 volumus
981 2157 1025 2194 et
1051 2151 1235 2194 omnino
1261 2150 1548 2197 mandamus,
1577 2163 1632 2190 ne
1658 2147 1830 2189 alienae

127 2223 351 2279 religionis
409 2223 681 2279 professores
739 2223 1096 2265 iurisdictionem
1155 2221 1483 2263 catholicorum
1544 2218 1828 2274 perturbent,

128 2309 273 2350 neque
309 2294 496 2343 artibus,
534 2308 680 2350 neque
716 2293 774 2342 vi,
812 2308 959 2349 neque
995 2305 1266 2349 quocunque
1299 2294 1541 2346 praetextu
1565 2287 1824 2337 catholicos

129 2365 394 2420 praesertim
433 2365 668 2407 rudiorum
709 2364 939 2406 auditores
979 2368 1137 2405 contra
1177 2362 1379 2417 ipsorum
1419 2358 1743 2402 conscientiam
1783 2357 1830 2400 in

75 2447 113 2474 30
129 2435 484 2478 iurisdictionem
523 2450 653 2477 suam
692 2435 883 2477 transire
923 2439 1100 2489 cogant,
1143 2438 1223 2474 aut
1262 2431 1515 2487 pelliceant,
1558 2429 1637 2471 sed
1675 2428 1828 2484 potius

128 2506 250 2548 intra
290 2512 435 2549 metas
476 2521 521 2548 se
554 2505 852 2555 continentes,
889 2517 1181 2560 quascunque
1223 2515 1382 2544 causas
1422 2499 1680 2555 spirituales
1721 2513 1828 2541 suae

129 2577 352 2632 religionis
393 2576 691 2619 iurisdictioni
733 2575 1066 2631 cognoscendas
1108 2573 1380 2628 relinquant.
1432 2572 1637 2626 Quarum
1678 2584 1828 2612 rerum

128 2647 324 2690 iudicem
359 2647 569 2690 catholici
605 2652 766 2689 mutuo
803 2659 1035 2693 consensu,
1073 2644 1331 2699 quicunque
1366 2642 1452 2683 illis
1487 2640 1731 2688 videbitur,
1771 2640 1829 2682 ad

128 2723 332 2761 nostram
363 2724 519 2761 tamen
550 2723 596 2760 et
627 2731 935 2760 successorum
966 2720 1225 2757 nostrorum
1255 2712 1606 2756 ratificationem
1637 2710 1828 2766 eligendi

77 2803 114 2831 35
128 2789 364 2831 habebunt
408 2789 688 2839 facultatem,
725 2788 802 2844 qui
844 2786 1028 2842 singulis
1071 2784 1212 2835 annis,
1248 2783 1605 2840 quotiescunque
1648 2795 1827 2824 necesse

129 2859 278 2910 fuerit,
297 2860 620 2902 ecclesiasticas
637 2873 796 2901 causas
819 2857 1025 2900 adhibito
1048 2855 1231 2898 consilio
1254 2854 1580 2897 catholicorum
1604 2857 1648 2894 et
1673 2853 1827 2894 docto-

128 2944 230 2972 rum
261 2930 474 2979 virorum,
509 2935 750 2986 cognoscat
781 2934 919 2984 atque
952 2926 1166 2976 definiat;
1201 2925 1273 2968 cui
1295 2925 1479 2981 quidem
1501 2923 1667 2966 iudicio
1690 2923 1735 2964 in
1759 2922 1825 2969 iis,

129 3014 245 3056 quae
267 3001 327 3043 ad
347 3000 518 3043 dictam
541 3000 844 3056 cognitionem
866 3004 911 3041 et
935 2997 1244 3040 definitionem
1276 2995 1583 3051 pertinebunt,
1617 2992 1828 3035 catholici

129 3071 320 3113 subiecti
344 3077 492 3120 sunto,
521 3071 657 3113 salvis
682 3076 839 3113 tamen
865 3067 1107 3125 privilegiis
1134 3081 1160 3109 a
1191 3067 1390 3121 [Sancta]
1422 3065 1535 3107 Sede
1560 3062 1824 3119 Apostolica

78 3156 116 3183 40
131 3141 340 3197 acceptis
366 3156 662 3198 quaecunque
686 3141 853 3183 fuerint
878 3139 1104 3182 dictorum
1129 3138 1183 3180 de
1207 3136 1432 3180 Societate
1454 3136 1577 3190 Jesu.
1603 3134 1676 3176 Ad
1698 3133 1828 3175 cuius
