2188 3535
104 181 198 227 1583
231 177 375 211 marca
412 178 474 222 15]
869 173 944 208 No.
975 172 1020 206 88
1720 172 1788 208 271

101 310 222 340 nova
261 294 390 343 festa,
432 306 665 348 novasque
705 291 979 335 ceremonias
1018 289 1212 344 fingere;
1255 290 1300 329 et
1327 284 1389 328 sic
1416 282 1558 340 magis
1588 281 1794 325 homines

103 382 129 410 a
167 365 297 409 nobis
336 364 651 408 alienarentur.
694 361 853 404 Melius
892 366 960 404 est
1000 373 1102 415 ergo
1143 357 1236 399 sine
1275 356 1391 405 fuco,
1439 354 1534 397 sine
1560 352 1790 401 dilatione,

102 435 364 493 simpliciter
396 434 533 477 fidem
576 437 725 476 totam
770 432 1040 475 catholicam
1080 432 1235 484 aperte
1281 438 1528 483 proponere
1560 424 1615 466 de
1650 421 1793 465 omni-

103 509 188 551 bus
210 507 356 555 rebus,
383 518 522 561 quam
545 504 680 546 modo
704 517 844 546 unam
868 507 1060 558 partem,
1086 499 1222 542 modo
1246 497 1381 540 aliam
1405 495 1628 543 simulare,
1654 492 1794 535 intro-

54 598 72 624 5
104 579 265 621 ducere
293 581 338 619 et
368 588 629 632 proponere.
662 573 847 629 Ignorat
878 572 997 615 enim
1027 570 1199 612 sincera
1227 568 1338 611 fides
1367 572 1412 609 et
1441 565 1610 609 veritas
1638 564 1794 606 catho-

102 649 188 691 lica
222 645 570 690 simulationem.

1137 710 1393 765 Stephanus
1424 709 1590 750 Arator
1619 719 1734 761 mpr.

234 811 366 853 Modi
402 809 593 865 quidam,
633 807 790 863 quibus
827 806 935 848 bona
971 804 1138 858 collegii
1174 801 1550 857 Claudiopolitani
1585 797 1798 854 ampliari

103 886 275 938 possent
310 881 366 923 ad
399 879 586 922 Domini
621 878 816 932 gloriam.

58 973 92 1000 10
237 950 386 999 Panis,
407 949 579 998 vinum,
605 962 708 991 caro
724 952 769 990 et
785 946 941 1003 pisces,
967 945 1003 987 si
1026 945 1147 986 bona
1169 942 1341 998 collegii
1362 942 1489 989 bene,
1513 944 1566 982 ut
1588 939 1682 981 fieri
1704 951 1797 981 non

106 1022 286 1066 difficile
321 1019 502 1078 poterit,
540 1019 885 1065 ordinabuntur,
923 1015 1063 1071 gratis
1099 1018 1289 1070 possunt
1324 1010 1493 1054 haberi.
1532 1009 1635 1052 Pisa
1670 1008 1794 1057 item,

106 1094 268 1142 oleum,
289 1091 478 1140 milium,
500 1104 650 1146 poma,
672 1088 782 1145 pira,
805 1085 1142 1143 petroselinum,
1165 1083 1326 1131 caules,
1349 1095 1485 1137 rapae
1505 1084 1551 1122 et
1571 1079 1797 1135 quaedam

107 1163 280 1207 similia.
310 1164 472 1205 Restat
497 1160 736 1217 pecuniam
761 1172 919 1215 parare
944 1170 1024 1212 pro
1050 1154 1344 1201 aromatibus,
1369 1151 1536 1199 horiza,
1563 1148 1800 1204 amigdalis

108 1250 159 1279 ac
194 1233 462 1277 debiliorum
484 1230 828 1278 sustentatione,
853 1242 934 1284 pro
957 1225 1174 1274 vestibus,
1198 1224 1331 1266 rebus
1357 1220 1638 1268 utensilibus,
1663 1218 1797 1267 vasis,

61 1326 94 1353 15
108 1305 289 1353 viatico,
321 1302 458 1352 libris,
498 1302 700 1345 aedificio
729 1305 775 1343 et
803 1297 1078 1356 quibusdam
1108 1294 1326 1338 similibus
1357 1289 1723 1335 extraordinariis
1754 1293 1798 1331 et

108 1373 433 1420 accidentariis.

241 1447 328 1489 Pro
347 1458 464 1501 pane
483 1442 687 1485 triticum
705 1439 836 1483 nobis
854 1453 946 1481 non
966 1438 1104 1487 deest,
1127 1450 1208 1478 nec
1229 1434 1370 1477 deerit
1390 1447 1468 1489 per
1487 1431 1572 1474 Dei
1591 1429 1799 1487 gratiam,

109 1531 212 1560 cum
232 1514 454 1559 ordinarie
472 1512 629 1556 rustici
648 1510 777 1555 annis
796 1509 982 1566 singulis
1001 1508 1060 1550 ad
1081 1520 1162 1549 roo
1182 1505 1369 1548 cubulos
1388 1503 1564 1546 circiter
1582 1500 1802 1544 seminare

109 1588 295 1631 soleant.
332 1586 393 1628 Et
426 1599 482 1627 ex
514 1584 635 1626 mola
666 1583 937 1626 haberemus
970 1579 1029 1621 ad
1063 1591 1145 1620 100
1178 1576 1317 1620 etiam
1350 1574 1537 1617 circiter.

63 1679 97 1706 20
240 1657 409 1700 Vinum
455 1668 635 1711 quoque
682 1652 863 1696 abunde
908 1649 1039 1693 nobis
1085 1645 1498 1705 promontoriorum
1543 1648 1802 1685 nostrorum

111 1728 310 1772 decimae
337 1725 699 1769 subministrant.
732 1724 807 1765 Ita
834 1726 901 1771 ut,
926 1720 1109 1777 quando
1138 1719 1251 1761 bene
1280 1714 1555 1773 proveniunt
1583 1727 1712 1761 uvae,
1744 1711 1804 1754 ad

112 1813 195 1843 100
215 1813 326 1842 vasa
346 1802 391 1841 et
412 1796 607 1852 amplius
626 1795 889 1837 habeamus.
913 1790 1171 1847 Aliquando
1193 1789 1247 1831 60
1269 1792 1349 1830 aut
1370 1785 1557 1833 circiter,
1582 1784 1697 1826 sicut
1717 1783 1802 1825 hoc

112 1884 230 1914 anno
251 1884 259 1921 ;
298 1873 343 1912 et
363 1872 515 1924 potest
535 1864 780 1922 aliquando
800 1863 911 1906 coeli
930 1859 1219 1904 inclementia
1237 1858 1345 1906 fieri,
1367 1862 1419 1899 ut
1439 1870 1495 1898 ne
1515 1855 1603 1897 tria
1623 1866 1803 1910 quoque

112 1955 223 1985 vasa
251 1940 514 1986 habeamus,
548 1936 672 1993 quod
702 1937 826 1978 Deus
856 1937 1050 1976 avertat.

65 2032 99 2059 25
245 2012 434 2054 Carnem
464 2009 685 2050 hactenus
727 2004 928 2062 pecuniis
958 2002 1162 2050 emimus,
1195 2000 1275 2043 sed
1304 1999 1340 2042 si
1371 1997 1471 2054 quis
1501 1995 1612 2039 mihi
1642 1995 1803 2037 saltem

115 2095 197 2125 100
230 2082 421 2124 florenos
455 2093 535 2134 pro
570 2075 838 2120 eleemosina
872 2075 1013 2122 daret,
1049 2072 1118 2114 uti
1152 2075 1303 2127 posset
1338 2068 1545 2125 princeps
1578 2065 1650 2108 vel
1684 2064 1803 2120 quis-

113 2153 236 2210 piam
260 2152 296 2194 si
319 2150 469 2198 vellet,
496 2149 651 2191 darem
674 2160 871 2202 operam,
890 2149 942 2186 ut
962 2143 1097 2186 tertio
1119 2156 1237 2185 anno
1261 2145 1342 2183 aut
1366 2153 1421 2180 ne
1445 2137 1580 2180 obulo
1604 2135 1802 2191 quidem,

113 2228 193 2267 aut
219 2226 341 2266 certo
365 2234 527 2277 parum
552 2218 800 2261 admodum
825 2227 1099 2264 emeremus;
1126 2209 1471 2255 succedentibus
1495 2211 1650 2249 autern
1675 2203 1805 2247 annis

112 2294 223 2337 nihil
252 2291 436 2336 omnino
467 2288 821 2346 expenderemus
856 2299 936 2342 pro
968 2298 1112 2327 carne.
1146 2282 1217 2325 Sic
1247 2294 1327 2336 pro
1357 2280 1538 2334 butyro,
1570 2276 1687 2318 lacte
1717 2278 1803 2316 etc.

67 2384 101 2411 30
246 2363 396 2407 Pisces
439 2360 620 2404 abunde
662 2357 792 2401 nobis
835 2352 1198 2398 subministrabit
1242 2350 1414 2407 piscina
1456 2352 1624 2394 nostra,
1669 2344 1806 2387 modo

113 2441 165 2478 ut
203 2450 229 2478 a
265 2448 366 2490 rege
402 2430 733 2489 praescriptum
769 2431 850 2476 est,
891 2430 1075 2482 aptetur
1111 2429 1156 2466 et
1193 2423 1307 2464 bene
1342 2418 1581 2462 reficiatur.
1620 2413 1807 2471 Aliquid

114 2507 224 2550 item
262 2503 453 2561 piscium
491 2506 670 2545 ematur
707 2513 787 2555 pro
826 2497 994 2540 semine
1032 2495 1091 2537 ad
1128 2489 1536 2548 multiplicandum.

248 2577 303 2619 In
325 2573 509 2629 singulis
531 2572 643 2615 item
665 2569 791 2626 pagis
814 2571 998 2624 possent
1021 2579 1115 2608 esse
1137 2565 1276 2607 boves
1299 2562 1359 2604 ad
1380 2559 1616 2606 arandum,
1641 2560 1693 2598 ut
1715 2568 1807 2598 non

117 2647 262 2691 solum
280 2644 438 2693 coloni,
459 2643 539 2686 sed
555 2656 637 2685 nos
654 2641 740 2697 ipsi
757 2639 896 2682 etiam
914 2635 1086 2693 aliquid
1103 2640 1148 2678 et
1167 2647 1311 2681 curae,
1333 2637 1378 2674 et
1396 2629 1542 2687 operis
1560 2628 1619 2671 ad
1635 2640 1808 2670 semen-

71 2723 212 2764 35tem
250 2715 509 2760 faciendum
546 2711 921 2769 impenderemus.
964 2706 1147 2762 Singula
1186 2708 1338 2747 aratra
1374 2702 1421 2743 in
1459 2698 1643 2755 singulis
1681 2695 1809 2753 pagis

118 2789 178 2832 ad
197 2787 347 2831 minus
368 2790 552 2842 possent
575 2798 682 2832 esse,
707 2795 822 2839 quae
844 2777 1163 2836 pauperiorum
1185 2775 1445 2817 colonorum
1467 2784 1599 2813 curae
1620 2767 1806 2815 tradita,

119 2862 302 2915 possent
328 2861 372 2899 et
399 2855 496 2905 sibi,
541 2860 586 2898 et
611 2853 741 2896 nobis
766 2864 931 2907 magno
957 2847 1262 2892 emolumento
1288 2844 1382 2886 iore
1408 2847 1453 2885 et
1479 2841 1541 2884 sic
1566 2853 1658 2882 non
1682 2851 1809 2892 coge-

119 2943 269 2972 remur
294 2928 410 2970 alere
434 2926 655 2969 bubulcos
680 2928 725 2966 et
750 2919 1048 2965 mercenarios
1073 2932 1154 2974 pro
1179 2914 1388 2958 curandis
1412 2913 1558 2956 bobus
1583 2915 1667 2952 etc.

252 2997 546 3042 Possidentur
562 3000 795 3052 praeterea
812 2992 967 3048 sylvae
985 2989 1210 3046 quaedam
1226 2985 1359 3029 valde
1375 2995 1565 3038 magnae
1582 2994 1608 3022 a
1625 2979 1809 3035 quibus-

74 3071 230 3116 4odam
258 3067 498 3117 nobilibus,
531 3080 647 3123 quae
677 3065 784 3108 olim
814 3061 1103 3119 pertinebant
1134 3058 1194 3102 ad
1222 3060 1377 3099 nostra
1406 3055 1553 3096 bona:
1588 3050 1811 3093 alienatae

123 3145 278 3185 autem
303 3140 488 3182 fuerunt
513 3135 686 3180 incuria
711 3134 1043 3192 praefectorum
1070 3135 1114 3173 et
1140 3127 1321 3185 ignavia
1347 3125 1620 3170 colonorum,
1649 3119 1684 3162 si
1710 3131 1812 3175 pos-
