2188 3535
373 206 446 240 274
1138 188 1213 223 No.
1243 189 1293 232 89
1686 187 1801 234 [1583
1836 187 1982 222 marcz.
2019 189 2062 226 18

371 313 630 362 ostenderit,
669 324 758 367 quo
795 308 959 351 mensis
997 320 1152 349 eorum
1189 304 1264 348 alii
1300 304 1388 347 cibi
1425 304 1623 348 addendi
1666 310 1829 354 essent,
1873 304 1921 348 id
1961 310 2063 349 tum

371 386 429 428 ab
473 385 537 434 iis,
574 382 738 439 quibus
770 380 880 420 haec
913 391 1021 419 cura
1060 375 1408 426 demandantur,
1454 376 1539 418 erit
1575 376 1961 431 perpendendum,
2002 391 2063 419 an

371 454 589 511 expediet.
626 453 820 494 Demum
853 447 1041 496 victum,
1072 446 1313 502 magistros
1340 445 1481 502 gratis
1508 447 1775 490 habebunt:
1806 461 2063 503 pannorum

370 526 492 572 item,
535 536 612 564 seu
652 517 932 561 indusiorum
968 516 1200 566 lotionem,
1237 531 1293 559 ne
1329 531 1381 559 ea
1404 516 1638 559 occasione
1674 521 1755 560 aut
1792 522 1974 574 tempus
1997 522 2063 561 te-

369 598 484 641 rant,
522 596 601 634 aut
638 589 725 632 alio
761 592 1012 644 vagentur;
1050 587 1135 644 ipsi
1171 592 1327 630 tamen
1359 601 1453 630 sese
1475 587 1667 630 induent
1690 588 1896 631 vestibus
1918 588 2062 632 omni·
2095 614 2113 641 5

369 665 452 706 bus
493 675 573 704 suo
614 663 814 715 sumptu,
857 658 1085 715 librosque
1126 658 1211 701 sibi
1252 664 1418 708 ement,
1462 673 1514 701 ac
1555 658 1696 701 lectos
1731 658 1825 702 sive
1861 659 2063 716 stragula

368 746 518 776 secum
569 731 772 779 afferent,
826 743 943 785 quae
993 728 1147 772 omnia
1206 729 1317 772 item
1374 743 1527 772 secum
1584 731 1789 779 afferent,
1849 744 1953 773 cum
2008 745 2064 774 ex

368 801 604 846 seminario
645 800 889 843 discedent.
941 799 1012 843 Sic
1054 799 1174 843 enim
1214 801 1361 844 multo
1391 801 1541 856 plures
1582 800 1774 850 alentur,
1800 801 2063 858 bonumque

366 874 527 930 ipsum,
573 886 664 928 quo
708 871 792 914 erit
837 870 1136 920 communius,
1183 885 1236 914 eo
1280 870 1479 914 divinius
1526 871 1623 915 erit.
1674 872 1807 928 Quod
1852 871 1889 914 si
1929 872 2063 916 alicui

366 944 583 1000 orphano,
637 942 709 985 vel
762 941 1049 998 pauperrimo
1103 941 1304 998 alioquin
1343 956 1536 998 magnae
1581 942 1913 999 expectationis
1955 944 2063 986 ado·
2077 968 2114 997 10

366 1013 550 1057 lescenti
585 1014 747 1056 modus
783 1012 981 1055 vestium
1018 1013 1428 1069 comparandarum
1466 1014 1654 1065 deesset,
1688 1014 1946 1070 praefectus
1971 1029 2063 1057 una

368 1100 471 1129 curn
499 1086 554 1128 R.
583 1085 632 1127 P.
663 1085 868 1133 Rectore,
897 1083 992 1127 sive
1019 1097 1122 1126 cum
1149 1098 1214 1134 eo,
1249 1098 1385 1141 quem
1417 1084 1537 1128 idem
1570 1089 1701 1141 pater
1722 1089 1870 1128 rector
1891 1085 2063 1141 collegii

369 1155 511 1199 nostri
553 1155 784 1204 iudicabit,
831 1154 1051 1211 dispiciet,
1097 1169 1298 1211 quanam
1341 1155 1519 1199 ratione
1562 1155 1750 1199 minimo
1794 1170 1899 1199 eum
1929 1171 2063 1199 onere

369 1227 594 1270 seminarii
624 1227 671 1269 id
701 1226 816 1268 effici
848 1225 1003 1282 possit.

506 1297 593 1354 Qui
614 1311 719 1340 vero
741 1296 1049 1339 ecclesiasticis
1069 1297 1331 1340 muneribus
1352 1297 1500 1341 addici
1521 1298 1761 1348 voluerint,
1785 1298 1838 1341 iis
1859 1298 2057 1355 quidem,
2077 1323 2112 1351 15

371 1368 455 1411 nisi
491 1368 731 1411 habuerint
767 1368 887 1410 unde
924 1367 1008 1410 sibi
1045 1373 1195 1411 vestes
1231 1374 1510 1426 comparent,
1549 1369 1727 1426 aliquae
1763 1369 1926 1412 saltem
1963 1369 2061 1412 dari

373 1444 599 1496 poterunt,
618 1439 695 1482 sed
708 1438 787 1488 ita,
804 1444 856 1481 ut
871 1453 953 1495 pro
967 1439 1159 1482 honesta
1179 1439 1354 1483 ratione
1375 1440 1637 1483 clericorum
1658 1440 1808 1483 induti
1829 1440 2059 1490 incedant,

372 1525 422 1553 ac
461 1510 662 1554 moribus
698 1509 986 1552 interioribus
1024 1524 1156 1567 saepe
1195 1510 1438 1567 perfectius
1476 1511 1731 1568 intelligant
1771 1526 1822 1554 eo
1861 1511 2061 1555 vestium

371 1595 530 1638 genere
555 1581 701 1623 ornari
727 1581 901 1624 debere.
930 1582 995 1624 Ut
1021 1595 1128 1624 vero
1155 1583 1399 1625 earundem
1425 1582 1623 1625 vestium
1649 1596 1741 1638 spe,
1769 1582 2062 1625 seminarium

373 1653 496 1695 haud
517 1652 739 1701 fraudent,
762 1666 898 1708 opera
919 1652 1065 1702 detur,
1088 1666 1192 1695 cum
1211 1652 1259 1695 id
1278 1653 1401 1696 vitae
1421 1667 1561 1709 genus
1581 1658 1742 1709 sponte
1763 1667 1808 1696 se
1829 1667 1875 1696 se
1896 1653 2062 1696 electu·
2077 1678 2114 1706 20

373 1737 445 1766 ros
469 1737 559 1765 non
584 1723 719 1765 semel
743 1723 1008 1779 interrogati
1033 1723 1376 1774 affirmaverint,
1403 1729 1455 1766 ut
1482 1739 1534 1767 ea
1559 1725 1615 1767 de
1640 1738 1686 1767 re
1712 1729 1905 1767 caveant
1932 1724 2061 1780 probi

374 1794 559 1836 alicuius
583 1794 665 1836 viri
690 1794 928 1850 sponsione
952 1794 1190 1837 seminario
1214 1795 1299 1838 rite
1323 1795 1491 1844 oblata,
1519 1809 1570 1838 ac
1595 1809 1674 1851 per
1697 1795 1892 1838 scribam
1915 1795 2061 1851 publi-

374 1879 476 1908 cum
499 1864 687 1920 publicis
709 1865 822 1907 actis
844 1864 1025 1908 inserta.
1057 1866 1191 1922 Quod
1213 1865 1249 1908 si
1272 1871 1431 1922 postea
1453 1881 1544 1909 non
1567 1865 1891 1922 praestiterint,
1916 1865 2061 1908 sciant

374 1935 458 1978 sibi
494 1936 564 1978 vel
601 1936 802 1992 sponsori
837 1950 919 1979 suo
954 1941 1166 1992 sumptus
1201 1951 1295 1980 esse
1328 1937 1644 1988 retundendos,
1673 1952 1787 1994 quos
1818 1937 1939 1980 mala
1973 1936 2062 1980 fide

374 2007 419 2048 in
449 2006 685 2049 seminario
715 2007 1018 2050 exhauserint.
2077 2033 2113 2060 25

508 2078 595 2133 Qui
626 2092 809 2120 munere
840 2078 1130 2121 examinandi
1161 2093 1249 2130 eos,
1283 2079 1361 2136 qui
1393 2079 1577 2122 admitti
1599 2083 1777 2136 petunt,
1802 2079 2060 2135 fungentur,

373 2147 540 2204 scripto
565 2149 763 2191 habeant
790 2154 835 2192 et
861 2149 974 2192 adeo
1000 2164 1055 2192 ex
1081 2150 1252 2206 legibus
1277 2150 1385 2206 ipsis
1415 2150 1641 2194 seminarii
1673 2155 1834 2207 petant
1857 2164 1922 2201 ea,
1947 2163 2063 2206 quae

374 2219 432 2261 ab
461 2219 513 2261 iis
542 2219 844 2276 requiruntur.

499 2290 682 2333 Difficili
714 2291 891 2347 ingenio
924 2291 1245 2341 adolescentes,
1281 2297 1362 2335 aut
1396 2292 1674 2342 turbulento,
1709 2292 1846 2349 quive
1877 2292 2064 2334 hebetes

373 2359 477 2410 sint,
509 2366 589 2403 aut
618 2361 770 2418 aliquo
800 2363 958 2405 morbo
987 2362 1208 2412 laborent,
1241 2377 1322 2406 nec
1353 2363 1515 2406 studiis
1543 2363 1799 2406 litterarum
1829 2362 1946 2406 vires
1976 2362 2115 2415 for-30

372 2436 490 2474 tasse
522 2431 707 2475 idoneas
739 2433 973 2483 haberent,
1008 2447 1100 2476 non
1133 2434 1450 2477 admittentur.

501 2504 641 2546 Aetas
667 2503 907 2547 minimum
935 2504 1018 2547 erit
1047 2504 1304 2561 quindecim
1332 2519 1567 2548 annorum.
1599 2506 1757 2562 Neque
1784 2504 1903 2548 enim
1931 2518 2063 2560 expe-

375 2571 456 2620 dit,
473 2577 525 2614 ut
550 2577 646 2616 tam
669 2578 825 2617 tenera
847 2579 1000 2618 aetate
1024 2575 1128 2625 sint,
1153 2581 1206 2617 ut
1229 2576 1404 2619 nutrice
1427 2576 1592 2632 potius,
1611 2592 1750 2633 quam
1773 2583 2064 2634 praeceptore

375 2648 546 2696 egeant,
583 2649 662 2686 aut
685 2645 794 2688 dum
824 2646 986 2702 plures,
1024 2660 1163 2702 quam
1197 2660 1279 2702 par
1313 2652 1381 2690 est
1416 2661 1558 2690 annos
1592 2648 1819 2692 seminarii
1853 2653 2065 2705 sumptus

376 2712 658 2763 exhauriunt,
701 2730 782 2758 nec
833 2716 918 2772 ipsi
958 2717 1229 2773 reipublicae
1262 2717 1363 2760 usui
1398 2717 1488 2760 sint
1523 2723 1568 2761 et
1604 2719 1701 2761 aliis
1735 2720 1904 2762 ostium
1937 2733 2115 2776 prae-35

377 2782 574 2833 cludant,
599 2785 675 2840 qui
697 2786 830 2829 citius
850 2787 898 2830 id
915 2793 1098 2843 possent
1118 2793 1359 2844 praestare.
1385 2789 1518 2844 Quod
1539 2789 1576 2831 si
1598 2789 1698 2845 quis
1733 2795 1831 2833 tam
1867 2791 2064 2847 pretioso

378 2858 492 2894 esset
522 2852 710 2909 ingenio,
740 2862 791 2898 ut
821 2858 963 2901 aetati
991 2858 1152 2901 minori
1181 2858 1228 2901 id
1255 2858 1486 2902 videretur
1512 2860 1876 2911 condonandum,
1907 2861 1944 2904 is
1972 2861 2064 2905 suis

378 2923 543 2977 poterit
580 2927 835 2981 sumptibus
871 2928 929 2971 ali
966 2929 1201 2985 tantisper,
1227 2929 1336 2972 dum
1368 2930 1428 2972 ad
1462 2929 1608 2973 iustae
1644 2931 1809 2974 aetatis
1846 2932 2063 2976 terminos

381 2994 658 3048 pervenerit;
693 2996 761 3038 sin
793 3004 947 3042 autem
979 2999 1131 3056 aliqua
1163 2999 1250 3042 alia
1281 2999 1398 3042 ratio
1430 3001 1646 3050 subesset,
1667 3016 1747 3044 cur
1777 3002 1824 3046 id
1855 3008 2061 3046 antever—

379 3064 567 3107 tendum
591 3065 832 3117 videretur,
850 3075 1115 3125 expectetur
1138 3084 1190 3112 ea
1215 3070 1269 3112 de
1292 3084 1351 3122 re,
1371 3070 1482 3127 quid
1504 3073 1797 3128 respondebo,
1823 3074 1902 3117 ubi
1925 3074 2061 3117 ratio·
2077 3093 2115 3120 40

378 3146 456 3175 nes
471 3135 528 3176 ad
541 3150 612 3178 me
626 3136 859 3192 diligenter
876 3153 902 3182 a
915 3141 1143 3195 praefecto
1156 3140 1322 3184 fuerint
1335 3142 1650 3198 praescriptae.
1672 3144 1806 3200 Quod
1817 3145 2000 3201 quidem
2016 3150 2062 3188 et
