2188 3535
137 194 227 235 1581
265 201 354 235 aug.
390 191 454 234 22]
898 190 972 225 No.
1003 193 1049 234 58
1748 191 1816 231 167

133 307 371 351 venientiis
417 311 593 350 mature
639 321 867 350 occurrere
913 314 957 350 et
1004 307 1251 351 remedium
1297 305 1522 349 adhibere.
1570 304 1818 348 Adhibebis

132 383 287 421 autem
314 377 443 421 facile
469 378 554 420 hoc
582 377 742 420 modo:
773 378 810 420 si
838 378 999 421 fratres
1026 384 1071 421 et
1099 383 1262 433 patres,
1293 377 1372 433 qui
1399 381 1504 419 sunt
1526 375 1573 418 in
1595 376 1819 419 Societate

134 450 319 498 Rornae,
366 450 548 504 Pragae‚
594 448 829 498 Olomucii,
874 449 1020 491 Grecii
1063 454 1107 492 et
1151 448 1350 491 Viennae
1393 446 1730 503 congregaveris
1773 452 1818 488 et

132 520 220 562 huc
258 519 317 562 ad
353 534 435 562 nos
473 518 785 561 transmiseris.
828 519 1065 562 Inferiores
1105 519 1225 562 enirn
1263 519 1379 562 duae
1417 518 1579 560 classes
1615 517 1819 573 indigent

84 606 101 634 5
132 589 497 646 praeceptoribus
534 589 727 645 Ungaris
764 595 808 632 et
847 604 927 645 ego
977 605 1068 633 non
1117 603 1300 645 possum
1350 589 1543 645 amplius
1584 588 1819 632 conciona-

132 660 255 710 toris,
297 660 567 710 confessarii,
610 660 825 716 praefecti
865 666 910 702 et
950 661 1268 716 magistrorum
1307 659 1440 702 simul
1478 659 1625 702 officio
1666 659 1816 715 fungi:

132 735 232 773 tum
258 731 409 782 etiam,
439 731 546 787 quia
573 731 734 774 fratres
760 731 822 773 illi
849 731 1022 786 possint
1050 731 1176 774 festis
1202 731 1360 774 diebus
1387 744 1618 773 excurrere
1645 729 1818 772 concio-

130 806 291 844 natum
325 802 385 844 ad
417 816 568 858 pagos.
605 803 666 844 Et
701 802 737 844 si
770 802 1062 858 contingeret,
1099 802 1170 845 vel
1203 801 1288 851 hic,
1324 802 1396 844 vel
1429 801 1570 843 Albae
1603 800 1820 843 infirmari

131 872 326 928 aliquem
370 887 425 915 ex
467 872 872 923 concionatoribus,
917 873 1090 929 possint
1133 887 1288 915 eorum
1330 871 1450 915 vices
1492 871 1653 914 subire.
1700 871 1819 913 Item

83 959 118 986 ιο
130 948 303 998 quanto
326 944 475 1000 plures
498 943 703 987 viderent
726 944 844 986 inter
865 958 946 986 nos
970 945 1188 999 Ungams,
1213 947 1345 985 tanto
1368 942 1510 998 magis
1533 942 1820 984 afficerentur

130 1018 174 1055 et
212 1028 267 1056 ex
303 1014 517 1057 studiosis
553 1015 804 1070 complures
840 1014 1177 1070 ingrederentur
1213 1013 1499 1062 Societatem,
1539 1027 1619 1068 pro
1656 1012 1820 1068 quibus

130 1090 317 1139 paratus
354 1090 421 1128 est
460 1085 714 1128 noviciatus
751 1085 797 1127 in
835 1087 1079 1135 Monostor,
1120 1098 1235 1140 pago
1273 1089 1428 1126 nostro
1466 1083 1678 1138 contiguo
1716 1083 1819 1124 huic

130 1155 320 1206 civitati,
350 1171 454 1198 cum
480 1156 753 1199 monasterio
781 1161 825 1198 et
853 1156 1036 1212 templo,
1066 1170 1146 1197 nec
1173 1168 1287 1210 opus
1313 1159 1429 1196 esset
1468 1153 1572 1195 hinc
1613 1152 1659 1195 in
1691 1153 1819 1195 Polo-

130 1226 253 1269 niam
276 1241 553 1283 quemquam
576 1227 769 1270 mittere.
803 1227 936 1282 Quod
958 1227 994 1269 si
1017 1231 1235 1269 rectorem
1259 1239 1439 1281 quoque
1461 1225 1560 1266 Tua
1584 1225 1638 1266 R.
1665 1224 1820 1265 Pater·

83 1312 117 1339 15
131 1297 250 1340 nitas
299 1298 429 1340 nobis
479 1297 756 1353 Ungaricum
806 1298 1083 1347 concederet,
1149 1297 1278 1352 longe
1329 1295 1499 1338 felicius
1550 1308 1619 1336 res
1666 1308 1821 1336 omnes

130 1368 263 1410 huius
293 1368 463 1424 collegii
493 1368 815 1424 procederent;
860 1382 941 1410 nec
972 1367 1216 1410 transirent
1246 1379 1273 1421 4
1303 1371 1383 1408 aut
1415 1376 1438 1419 5
1471 1365 1591 1414 anni,
1637 1364 1747 1421 quin
1777 1364 1823 1406 in

130 1439 214 1481 hoc
249 1453 384 1495 regno
419 1452 446 1494 4
482 1440 594 1482 bene
630 1438 881 1481 constituta
916 1439 1100 1494 collegia
1135 1438 1402 1481 videremus.
1440 1436 1513 1478 Ad
1547 1436 1632 1478 hoc
1668 1441 1822 1478 autern

132 1524 296 1551 munus
323 1510 433 1552 satis
460 1509 782 1552 accomodatus
808 1509 919 1551 mihi
946 1509 1128 1551 videtur
1155 1510 1202 1551 P.
1233 1508 1449 1564 Georgius
1477 1506 1728 1562 Papensis‚8
1756 1506 1824 1548 vir

132 1585 177 1622 et
203 1580 377 1630 doctus,
406 1585 451 1623 et
477 1580 590 1636 pius,
619 1585 664 1622 et
690 1581 836 1623 bonus
861 1580 1103 1635 religiosus,
1131 1594 1267 1636 quem
1293 1580 1406 1621 bene
1423 1579 1470 1621 P.
1489 1577 1664 1633 Magius
1679 1576 1820 1619 novit.

82 1651 251 1693 20Nam
294 1651 331 1693 si
374 1656 521 1694 rector
563 1651 763 1707 linguam
807 1651 994 1706 ignoret,
1045 1665 1148 1693 cum
1193 1655 1410 1706 perpetuo
1455 1648 1636 1704 negotia
1680 1647 1823 1690 coloni

131 1722 330 1764 habeant
368 1736 471 1765 cum
508 1727 710 1773 rectore;
749 1722 827 1778 qui
864 1736 1010 1764 mores
1046 1722 1224 1777 ignorat
1261 1720 1458 1763 nationis
1495 1719 1694 1768 alicuius,
1734 1733 1825 1761 non

132 1797 282 1847 potest
305 1798 425 1835 recte
448 1808 549 1836 eam
571 1798 616 1836 et
640 1807 744 1835 cum
767 1792 996 1836 suavitate
1018 1793 1280 1848 gubernare.
1306 1791 1448 1842 Adde,
1467 1790 1591 1847 quod
1606 1795 1824 1846 perpetuo

132 1864 221 1906 duo
250 1868 330 1906 aut
359 1878 476 1906 unus
505 1864 564 1907 ad
592 1864 831 1906 minimum
860 1878 915 1906 ex
944 1863 1150 1920 patribus
1180 1863 1372 1918 Ungaris
1401 1876 1505 1904 cum
1534 1876 1586 1904 eo
1615 1860 1824 1916 occupati

132 1948 225 1977 esse
256 1935 501 1985 debebunt,
548 1935 625 1991 qui
669 1935 817 1977 officio
849 1935 1097 1990 fungantur
1137 1933 1395 1989 interpretis
1412 1947 1422 1984 ;
1469 1937 1514 1975 et
1546 1932 1621 1974 isti
1652 1931 1825 1974 concio-

82 2005 264 2048 25nibus
307 2011 351 2048 et
394 2006 650 2048 utilioribus
693 2005 850 2048 officiis
894 2020 1055 2048 vacare
1097 2020 1188 2047 non
1231 2009 1460 2060 poterunt.
1507 2003 1683 2058 Cogitet
1726 2003 1825 2044 Tua

132 2077 417 2128 Reverentia,
465 2077 501 2119 si
544 2077 590 2118 in
636 2076 857 2132 Hispania
899 2081 1046 2119 rector
1083 2081 1197 2119 esset
1234 2077 1486 2118 Germanus
1523 2079 1568 2116 et
1606 2073 1652 2115 in
1691 2072 1826 2115 Italia

132 2147 340 2198 Polonus,
399 2148 477 2204 qui
533 2162 768 2203 nunquam
824 2147 1063 2190 nationum
1119 2147 1297 2190 illarum
1353 2159 1497 2188 mores
1549 2144 1823 2192 didicissent,

131 2232 270 2274 quam
302 2218 611 2261 inordinatum
643 2223 709 2261 est
748 2218 871 2262 aliud
908 2218 1118 2274 regimen,
1171 2218 1207 2259 si
1244 2217 1451 2259 nationes
1488 2215 1585 2257 illas
1622 2214 1682 2256 ad
1718 2228 1825 2256 suae

131 2289 277 2344 gentis
306 2304 452 2332 mores
481 2289 774 2332 accomodare
804 2289 1000 2339 vellent;
1033 2294 1078 2331 et
1109 2303 1247 2344 quarn
1277 2287 1409 2343 pauci
1439 2300 1494 2328 ex
1524 2285 1691 2340 populo
1721 2298 1825 2339 erga

82 2374 117 2402 30
132 2359 229 2403 illos
264 2360 563 2403 afficerentur.
602 2360 672 2403 Sic
708 2360 875 2415 cogitet
911 2365 955 2401 et
992 2359 1047 2401 de
1080 2357 1421 2414 Transylvania.
1467 2355 1583 2411 Quia
1617 2355 1824 2397 naturale

132 2436 212 2481 est,
251 2436 305 2473 ut
341 2446 641 2488 unaquaeque
678 2431 803 2473 natio
840 2430 982 2486 magis
1020 2444 1124 2485 erga
1159 2443 1288 2471 suam
1325 2427 1563 2470 afficiatur.
1589 2427 1823 2468 Postremo

132 2502 327 2554 obsecro,
352 2502 510 2545 liberet
534 2516 628 2552 nos,
663 2515 843 2558 quaeso,
875 2502 973 2543 Tua
1004 2499 1276 2543 Reverentia
1307 2513 1334 2541 a
1365 2496 1585 2541 Polonicis
1616 2496 1823 2552 patribus

132 2576 177 2614 et
211 2572 439 2616 fratribus.
478 2575 728 2629 Postquam
762 2572 882 2614 enim
916 2576 1048 2613 tanta
1082 2570 1294 2613 scandala
1328 2574 1425 2611 tam
1459 2567 1585 2610 brevi
1619 2572 1823 2623 tempore

132 2657 211 2698 per
236 2643 334 2686 illos
362 2644 482 2700 passi
523 2658 691 2693 sumus,
734 2643 844 2685 nihil
885 2642 1093 2696 deinceps
1121 2641 1228 2683 boni
1256 2641 1314 2683 ab
1341 2639 1449 2695 ipsis
1477 2652 1654 2694 sperare
1683 2638 1822 2693 possi-

84 2727 261 2765 35mus;
293 2715 372 2757 sed
400 2715 557 2758 mittat
587 2714 716 2757 nobis
745 2728 800 2756 ex
830 2713 966 2755 Italia
993 2712 1231 2768 magistros
1260 2716 1305 2753 et
1335 2710 1618 2753 coadiutores
1647 2709 1820 2765 aliquot

132 2784 273 2828 bonos
310 2790 355 2828 et
393 2786 627 2842 perfectos.

246 2856 319 2898 Ad
361 2858 444 2899 has
493 2857 658 2906 literas,
705 2870 825 2911 rogo,
872 2853 1142 2910 respondeat
1186 2854 1284 2896 Tua
1328 2851 1600 2896 Reverentia
1645 2850 1821 2892 duobus

134 2926 294 2977 verbis,
316 2942 426 2970 num
446 2927 613 2970 fuerint
634 2927 849 2976 redditae,
874 2940 955 2968 nec
974 2939 1042 2967 ne.
1066 2924 1163 2966 Nisi
1182 2924 1301 2966 enim
1321 2936 1570 2979 cognovero
1608 2921 1821 2970 redditas,

135 2995 336 3040 animum
365 2998 574 3054 deinceps
605 3012 785 3041 omnem
817 2997 856 3040 ei
887 2995 1120 3039 scribendo
1159 2994 1379 3037 abiiciam.
1427 2993 1543 3049 Quia
1581 2991 1680 3035 viae
1718 2996 1823 3033 sunt

87 3078 122 3104 40
136 3066 266 3109 valde
305 3069 578 3123 pen'culosae
617 3074 662 3111 et
701 3067 923 3110 tabellarii
962 3066 1132 3108 incerti.
1182 3065 1315 3121 Quod
1353 3065 1389 3107 si
1427 3065 1537 3106 haec
1578 3062 1664 3111 via,
1707 3075 1824 3117 quae

264 3170 278 3190 ⁸
304 3169 439 3210 Toros,
464 3182 488 3205 a
509 3171 551 3204 ki
573 3171 711 3216 magat
732 3171 935 3205 leveleben
958 3168 1165 3214 Papainak
1186 3167 1264 3201 irta
1287 3167 1361 3201 ala.
