2188 3535
344 203 419 238 250
1113 184 1187 218 No.
1218 183 1263 217 82
1723 181 1838 226 [1583
1870 179 1951 224 jan.
1988 181 2033 216 28

1147 364 1218 407 82.

771 478 818 519 N
821 476 1082 532 iepozomice,
1117 476 1231 529 1583
1260 476 1497 531 januarius
1527 476 1596 518 28.

500 594 690 644 Bathory
720 592 867 631 Istvan
896 590 1032 642 kiraly
1061 603 1086 629 a
1114 589 1349 630 kolozsvari
1389 588 1912 641 J'ezsuita-kollegiumnak.

482 698 743 747 Kbnyelmffre
772 696 868 735 neki
898 696 1191 745 adoma‘nyozza
1223 709 1269 735 az
1300 695 1416 735 Αἰεὸ-
1455 696 1494 735 eis
1531 694 1780 734 Fels5-Zsuk
1817 693 2039 733 hatdra‘ban

343 757 503 798 elterz'c'lo'
534 756 730 796 «Bara'tok
757 760 870 794 tava»
899 757 1003 796 713sz
1029 754 1095 794 t6t.
2070 762 2086 790 5

478 866 571 907 Nos
602 864 871 920 Stephanus,
905 862 989 906 Dei
1019 862 1165 919 gratia
1195 877 1273 906 rex
1305 863 1516 907 Poloniae
1547 868 1631 906 etc.
1681 876 1856 905 necnon
1899 861 2038 904 Tran-

351 935 580 992 sylvaniae
612 934 829 990 princeps.

473 1005 713 1048 Memoriae
757 1005 1127 1048 commendamus
1169 1009 1324 1048 tenore
1367 1004 1676 1061 praesentium
1718 1003 2036 1060 significantes,

344 1077 510 1134 quibus
532 1076 713 1132 expedit
736 1075 967 1118 universis.
1000 1076 1133 1131 Quod
1155 1081 1402 1132 postquam
1424 1080 1615 1118 conatus
1638 1080 1804 1124 noster,
1829 1073 2039 1130 erigendo

346 1149 391 1190 in
420 1147 503 1191 Dei
531 1147 854 1203 omnipotentis
882 1147 1112 1196 honorem,
1143 1146 1296 1203 reique
1325 1146 1531 1203 publicae
1559 1146 1824 1194 utilitatem,
1856 1144 2040 1200 collegio
2056 1159 2090 1188 ιο

347 1218 584 1261 Societatis
613 1219 735 1272 Jesu,
767 1218 813 1259 in
842 1217 1029 1260 civitate
1058 1222 1214 1260 nostra
1244 1217 1574 1261 Colosvariensi
1602 1218 1822 1259 hactenus
1852 1215 2041 1259 feliciter

345 1295 390 1332 et
430 1303 520 1331 non
559 1289 652 1331 sine
691 1288 889 1331 evidenti
928 1288 1079 1330 fructu
1119 1288 1336 1338 cessisset,
1378 1289 1572 1331 eundem
1611 1288 1827 1344 augendis
1866 1287 2039 1345 collegii

344 1360 476 1409 illius,
512 1359 852 1415 quibuscunque
886 1373 1126 1415 possumus
1158 1359 1300 1409 bonis,
1337 1359 1499 1416 quovis
1532 1364 1736 1415 tempore
1770 1373 2039 1415 promoven-

346 1431 456 1473 dum
478 1431 903 1486 extendendumque
925 1430 1287 1473 existimavimus
1307 1445 1316 1482 ;
1339 1430 1495 1486 itaque
1516 1445 1620 1473 cum
1642 1431 1701 1472 ad
1722 1430 1784 1473 rei
1806 1429 2040 1473 familiaris

345 1501 546 1544 eiusdem
592 1501 827 1543 Societatis
872 1506 1058 1557 propter
1101 1501 1324 1557 peculiare
1369 1501 1537 1543 ordinis
1582 1501 1713 1543 istius
1757 1501 2037 1550 institutum,
2058 1513 2093 1542 15

344 1572 643 1614 accessionem
690 1572 885 1614 multum
932 1572 1180 1614 conducere
1227 1572 1469 1621 videretur,
1519 1572 1555 1614 si
1601 1572 1719 1614 inter
1764 1571 1853 1614 alia
1898 1572 2042 1615 etiam

341 1643 399 1684 de
426 1642 672 1685 necessario
700 1643 889 1698 piscium
916 1648 1142 1698 proventu
1169 1648 1460 1699 prospectum
1486 1648 1616 1691 esset,
1645 1642 1873 1685 noluimus
1899 1643 2035 1686 etiam

343 1714 427 1755 hac
446 1713 492 1754 in
512 1719 639 1768 parte
659 1714 767 1755 dicti
787 1713 957 1769 collegii
977 1714 1226 1756 commodis
1245 1714 1409 1756 deesse.
1440 1714 1588 1770 Quare
1607 1713 1827 1769 piscinam
1848 1713 2039 1757 totalem

343 1784 533 1826 Bardtok
568 1789 664 1826 tava
700 1789 924 1833 vocatam,
979 1784 1090 1827 alias
1124 1785 1184 1827 ad
1217 1785 1466 1827 claustrum
1501 1784 1809 1840 religiosorum
1845 1784 2042 1827 fratrum

343 1854 512 1896 ordinis
539 1855 691 1896 Sancti
718 1855 944 1897 Dominici
970 1855 1016 1897 in
1043 1855 1202 1898 eadem
1228 1855 1416 1898 civitate
1443 1855 1770 1898 Colosvariensi
1797 1855 2043 1898 fundatum
2057 1866 2093 1896 20

345 1924 660 1980 pertinentem,
704 1926 749 1967 in
791 1926 1017 1968 territorio
1059 1926 1395 1982 possessionum
1435 1926 1543 1969 Also
1586 1931 1631 1968 et
1674 1926 1803 1968 Felso
1846 1926 1953 1975 Suk,
1997 1925 2043 1968 in

342 1995 566 2038 comitatu
591 1996 830 2039 Colosiensi
854 1997 1091 2039 existentis
1114 1997 1336 2046 habitam,
1363 1997 1570 2053 praefato
1595 1997 1779 2052 collegio
1804 1996 2044 2039 Societatis

343 2066 453 2120 Jesu
497 2067 815 2122 applicandam
859 2073 997 2124 atque
1041 2067 1087 2110 in
1131 2073 1404 2124 perpetuum
1448 2068 1770 2110 conferendam
1814 2067 2040 2116 duximus,

346 2141 479 2191 prout
515 2138 794 2193 applicamus
827 2143 966 2195 atque
1000 2138 1285 2188 conferimus,
1321 2140 1484 2182 harum
1518 2143 1778 2181 nostrarum
1811 2138 1964 2194 vigore
1997 2142 2042 2181 et

343 2207 605 2250 testimonio
647 2209 909 2260 literarum;
955 2209 1120 2265 quibus
1163 2210 1257 2252 Nos
1299 2224 1439 2252 manu
1481 2214 1638 2252 nostra
1680 2208 2093 2265 subscripsimus,25

347 2277 487 2333 sigillo
509 2284 663 2321 nostro
685 2285 869 2329 secreto,
894 2294 984 2336 quo
1006 2280 1052 2322 in
1075 2281 1209 2323 rebus
1227 2279 1593 2336 Transylvanicis
1609 2279 1794 2331 utimur,
1814 2293 2041 2336 appresso.

473 2350 646 2392 Datum
682 2350 727 2392 in
764 2365 864 2393 arce
899 2356 1055 2394 nostra
1090 2351 1213 2406 regia
1249 2350 1625 2407 Nepolomicensi,
1664 2351 1731 2393 28.
1770 2350 1842 2393 die
1878 2349 2044 2393 mensis

348 2419 563 2472 Januarii.
602 2422 734 2464 Anno
770 2421 954 2464 Domini
991 2423 1115 2476 1583.
1156 2422 1302 2478 Regni
1337 2436 1443 2465 vero
1479 2421 1623 2464 nostri
1658 2421 1865 2477 septimo.

405 2489 659 2545 Stephanus
689 2493 787 2535 Rex
816 2506 929 2548 mpr.

1389 2563 1614 2606 Martinus
1645 2563 1700 2605 de
1732 2561 1970 2605 Berzeuice
2058 2576 2094 2604 30

1461 2633 1762 2677 Cancellarius
1785 2647 1898 2689 mpr.

479 2744 521 2782 H
524 2745 707 2797 a'tlapja‘n
729 2749 951 2788 Possevino
973 2749 1121 2789 kezevel
1139 2763 1152 2789 .·
1173 2749 1540 2801 Claudiopolitano
1560 2748 1710 2788 rectori
1731 2747 2045 2799 diligentissime

353 2801 397 2839 P.
433 2802 682 2844 Possevinus
714 2808 847 2847 mittit
880 2808 1071 2848 resectas.

354 2902 544 2945 (Ercdeti,
585 2905 629 2939 O.
660 2907 683 2940 l.
726 2907 888 2954 Erdelyi
926 2910 1075 2944 fiskalis
1114 2910 1306 2946 leveltara
1346 2909 1485 2944 XXII.
1515 2909 1730 2954 szekrenye
1759 2909 1806 2943 B.
1836 2908 1931 2942 fasc.
1965 2910 2043 2952 50.)
