2188 3535
1028 761 1396 824 FUGGELEK.

765 932 1134 988 [Gyulaseje'rva'r,
1174 946 1200 975 Ι
1202 934 1259 988 58
1259 946 1288 987 3
1318 935 1533 977 ma'rczz'us
1566 937 1662 990 24.]

508 1035 552 1075 P.
584 1035 744 1077 Leleszi
771 1035 905 1087 Janos
934 1034 1130 1089 Bathory
1159 1036 1327 1078 Kristof
1357 1037 1515 1090 erdelyi
1544 1038 1768 1091 feJ'edelem
1796 1039 2066 1080 ravatalanal

365 1099 522 1136 tartott
552 1095 707 1136 halotti
732 1094 924 1136 beszede.

482 1193 628 1236 Oratio
659 1193 855 1248 funebris
886 1193 1033 1236 habita
1061 1208 1088 1236 a
1108 1193 1240 1237 Patre
1271 1195 1306 1249 J
1308 1209 1448 1237 oanne
1479 1195 1644 1238 Lelesio
1678 1195 1905 1239 Societatis
1937 1197 2064 1251 Jesu,
2094 1205 2112 1233 5

366 1265 563 1307 moderni
605 1264 906 1307 Illustrissimi
947 1265 1170 1321 principis
1213 1270 1496 1322 praeceptore.

483 1335 654 1377 Xerxes
691 1335 763 1377 ille
799 1335 998 1378 militum
1033 1336 1190 1391 copiae
1226 1351 1305 1379 rex
1341 1337 1672 1387 celeberrimus,
1711 1351 1848 1393 quem
1885 1338 2065 1380 fabulae

368 1405 663 1462 Hellesponto
700 1407 824 1448 frena
858 1406 1074 1458 iniecisse,
1125 1408 1422 1463 vinctumque
1461 1409 1756 1464 compedibus
1789 1410 1876 1452 sub
1910 1409 2065 1465 iugum

367 1477 538 1520 misisse
567 1482 766 1528 narrant,
798 1491 903 1519 cum
930 1477 978 1520 in
1006 1478 1224 1532 Abydum
1254 1479 1432 1521 delatus
1462 1479 1634 1521 excitas
1663 1479 1845 1522 sedibus
1873 1480 1965 1522 suis
1993 1485 2063 1522 tot

367 1553 535 1606 gentes,
579 1548 903 1604 collectamque
954 1549 1192 1591 hominum
1245 1554 1427 1592 tantam
1481 1551 1646 1592 molem
1701 1550 1847 1593 decies
1899 1550 2065 1606 septies
2079 1560 2114 1588 1⁰

367 1624 551 1662 centum
572 1619 762 1661 millium
783 1620 1020 1662 hominum
1042 1634 1132 1662 uno
1153 1621 1328 1663 intuitu
1348 1626 1562 1672 cerneret,
1581 1621 1721 1664 oculis
1742 1622 1789 1663 in
1810 1621 2066 1676 lachrymas

368 1690 574 1733 resolutis
608 1690 781 1733 flevisse
816 1690 995 1742 dicitur,
1032 1691 1197 1733 mirum
1231 1692 1318 1734 hoc
1352 1692 1542 1734 fortasse
1576 1693 1808 1735 videbitur
1842 1692 2065 1748 plerisque

367 1766 570 1804 vestrum
597 1761 681 1803 viri
711 1762 938 1817 magnifici
968 1766 1014 1804 et
1044 1777 1151 1806 vero
1182 1763 1386 1819 prodigio
1415 1763 1572 1813 simile,
1597 1764 1817 1820 quidnam
1847 1762 1942 1806 eius
1972 1764 2066 1806 ani—

369 1847 495 1875 mum
517 1833 563 1874 in
586 1837 718 1875 tanta
742 1833 1030 1888 potissimum
1054 1835 1264 1877 fortunae
1287 1834 1565 1877 affabilitate
1588 1835 1824 1890 percellere
1847 1836 2063 1891 potuerit,

369 1904 493 1959 quod
524 1909 793 1959 conceptum
826 1904 951 1946 intus
986 1905 1187 1948 dolorem
1223 1906 1342 1948 foras
1377 1919 1609 1961 erumpere
1645 1906 1854 1961 coegerit.
1890 1906 1952 1948 At
1987 1906 2066 1949 ubi
2079 1917 2114 1945 15

369 1989 553 2016 causam
581 1975 674 2017 eius
701 1975 919 2017 hodierna
947 1975 1019 2017 die
1047 1990 1151 2019 curn
1183 1981 1337 2019 vestra
1367 1977 1693 2027 intellexeritis,
1737 1977 2067 2032 propemodum

369 2059 655 2087 communem
677 2047 865 2088 facesset
888 2046 1143 2090 admiratio.
1170 2047 1438 2104 Intelligetis
1459 2048 1580 2090 enim
1601 2048 1712 2090 nihil
1735 2061 1839 2090 eum
1859 2048 1932 2090 vel
1952 2048 2066 2090 vitio

369 2121 573 2166 naturae,
607 2117 678 2159 vel
722 2117 889 2173 ingenii
934 2117 1136 2169 levitate,
1180 2119 1252 2161 vel
1297 2132 1430 2161 caeca
1475 2119 1715 2161 affectione
1760 2119 2034 2161 commisisse
2057 2133 2064 2161 :

369 2177 447 2228 sed
464 2188 588 2243 quod
604 2192 769 2230 natura
787 2189 932 2238 docet,
953 2189 1070 2231 ratio
1088 2190 1263 2240 suadet,
1284 2190 1430 2245 pietas
1447 2189 1587 2246 exigit
1607 2190 1776 2233 secisse.
1796 2190 2067 2232 Extremum

370 2258 488 2299 diem
510 2259 632 2300 vitae
654 2258 816 2301 clausit
838 2258 1045 2315 princeps
1067 2265 1220 2302 noster
1241 2260 1527 2311 clarissimus,
1568 2261 1833 2316 perfunctus
1854 2265 1922 2303 est
1942 2260 2066 2303 vitae
2080 2273 2116 2301 20

370 2342 551 2370 munere
584 2330 781 2372 vaivoda
811 2331 1181 2386 Transylvaniae,
1234 2336 1438 2386 erreptus
1470 2336 1538 2373 est
1570 2331 1700 2373 nobis
1734 2331 2066 2374 Illustrissimus

371 2398 716 2455 Christophorus
749 2401 968 2455 Bathory,
1019 2407 1150 2458 pater
1181 2402 1370 2457 patriae,
1418 2403 1572 2444 lumen
1605 2402 1879 2458 Hungariae,
1914 2401 2068 2458 magni

371 2469 483 2523 regis
513 2471 724 2513 Poloniae
756 2472 894 2514 frater
915 2487 1155 2529 germanus
1176 2478 1382 2515 mortuus
1405 2478 1487 2516 est.
1520 2473 1629 2528 Quis
1650 2473 1802 2515 oculos
1823 2471 2066 2529 lachrymis

372 2541 623 2594 temperet?
654 2542 826 2584 Xerxes
853 2543 1070 2586 exercitui
1095 2558 1176 2586 suo
1195 2543 1533 2599 illachrymasse
1550 2545 1706 2595 fertur,
1725 2544 1849 2599 quod
1862 2558 1921 2586 ex
1934 2548 2066 2586 tanta

373 2611 573 2664 congerie
609 2613 844 2655 hominum
879 2615 1029 2656 nullus
1064 2615 1124 2657 ad
1159 2628 1330 2657 annum
1380 2615 1679 2657 centesimum
1728 2614 2115 2670 supervicturus25

375 2685 488 2721 esset
511 2694 518 2721 2
565 2687 611 2722 at
657 2683 728 2725 hic
772 2684 863 2725 iam
907 2685 1036 2728 nobis
1081 2690 1262 2740 ereptus
1307 2690 1389 2728 est.
1437 2685 1574 2727 Illum
1620 2686 1845 2728 humanae
1876 2690 2066 2727 naturae

374 2749 684 2794 instabilitatis
708 2756 959 2798 recordatio
983 2757 1042 2798 ad
1065 2757 1504 2798 commiserationem
1529 2755 1687 2805 movit,
1714 2769 1795 2797 nos
1819 2755 2067 2810 praesentis

378 2824 421 2860 et
444 2834 549 2861 sane
571 2824 961 2868 vehementissime
982 2827 1176 2882 exempli
1211 2826 1536 2881 contemplatio
1559 2827 1617 2868 ad
1638 2825 1894 2879 lachrymas
1915 2831 2065 2868 vocat.

380 2889 458 2930 Ille
485 2892 731 2944 promiscue
758 2896 880 2938 omni
905 2897 1143 2939 hominum
1168 2897 1317 2953 generi
1343 2897 1551 2945 indoluit,
1580 2910 1661 2938 nos
1687 2896 1820 2938 amici
1846 2900 1890 2938 et
1918 2910 2067 2938 neces-

378 2959 482 3000 sarii
502 2961 676 3003 obitum
696 2965 923 3017 deflemus,
946 2968 1188 3024 propinqui
1208 2967 1363 3017 nostri,
1386 2967 1600 3022 principis
1620 2971 1664 3008 et
1684 2966 1885 3022 parentis
1904 2967 2114 3022 optimiao

378 3029 552 3071 exitum
576 3031 789 3087 lugemus.
834 3036 983 3080 Cesset
1008 3038 1146 3094 igitur
1170 3037 1424 3087 admiratio,
1453 3038 1645 3079 facessat
1669 3036 1855 3087 invidia,
1882 3042 2067 3080 cuncta-

380 3104 452 3140 tor
486 3100 602 3142 adsit
638 3117 781 3154 nemo,
819 3121 950 3149 nemo
984 3109 1178 3158 invidus,
1215 3108 1252 3150 si
1286 3122 1474 3163 regnum
1507 3112 1673 3158 totum,
1710 3108 1871 3151 civitas
1905 3108 2064 3157 omnis,

381 3169 579 3225 regiones
601 3173 722 3215 urbis
743 3189 896 3219 omnes
917 3179 1159 3233 lachrymis
1180 3179 1409 3229 madeant,
1445 3178 1705 3234 gemituque
1739 3179 2065 3235 compleantur.
