2188 3535
116 2649 217 2673 Matez.
238 2650 281 2674 26.

126 2720 210 2744 Decz.
237 2727 280 2751 25.

109 2790 211 2816 Marcz.
237 2791 281 2816 26.

300 200 370 232 140
1064 180 1137 214 No.
1175 190 1219 225 52
1703 180 1815 226 [1581
1851 178 1936 222 jun.
1971 189 1993 213 2

295 307 560 350 misereatur
582 307 635 348 R.
661 305 708 346 P.
732 303 830 345 Tua
849 299 956 342 novi
976 298 1110 340 huius
1130 296 1238 352 regii
1258 296 1444 353 collegii,
1467 302 1519 340 ut
1539 302 1585 340 et
1606 297 1653 339 in
1673 296 1859 353 templo,
1881 300 1926 338 et
1947 294 1995 337 in

295 378 456 420 scholis
477 376 629 418 omnia
649 387 729 429 pro
751 370 972 426 dignitate
992 369 1119 411 fiant.
1144 368 1380 410 Hactenus
1399 367 1520 411 enim
1540 367 1780 423 magistros
1801 367 1994 409 Polonos

294 448 549 495 habuimus,
568 444 645 501 qui
665 442 775 485 nihil
794 441 942 483 sciunt
959 438 1196 495 Ungarice,
1214 452 1295 481 nec
1315 444 1421 481 sunt
1441 439 1729 482 sufficientes.
1751 439 1834 480 Est
1854 436 1994 479 etiam

296 518 506 560 Nicolaus
521 512 770 570 Jauriensis
786 514 802 538 ⁷
827 511 1040 560 Viennae,
1059 509 1137 566 qui
1153 509 1301 566 coepit
1318 509 1473 552 audire
1489 524 1645 552 cursus
1666 507 1992 565 philosophiae,

294 588 370 644 qui
410 586 548 629 etiam
589 583 936 627 commendatur
975 596 1030 623 ex
1070 580 1201 623 bonis
1240 580 1456 631 moribus,
1492 586 1537 623 et
1569 585 1686 623 esset
1726 580 1873 622 bonus
1912 591 1994 634 pro
2025 587 2044 615 5

293 658 444 713 aliqua
476 656 614 698 classe
647 653 989 697 Grammatices.

407 728 474 770 De
502 728 550 768 P.
580 724 858 768 Odescalcho
884 728 1040 766 nostro
1066 722 1179 779 quid
1204 722 1464 765 faciendum
1491 722 1563 772 sit,
1592 735 1804 777 cuperem
1829 720 1940 763 scire
1967 733 1995 762 a

295 800 346 840 R.
369 799 416 840 P.
436 798 547 840 Tua.
568 795 731 839 Medici
748 795 906 838 dicunt
924 794 1136 837 morbum
1165 807 1260 836 esse
1278 793 1546 835 diuturnum
1564 797 1609 835 et
1641 806 1754 848 pene
1771 789 1996 834 incurabi-

292 869 392 911 lem.
427 867 658 910 Suaserint
690 871 846 909 tamen
875 865 1006 915 forte,
1029 869 1081 907 ut
1104 878 1150 906 se
1181 869 1494 914 exonerarent,
1517 868 1569 906 ut
1601 863 1862 906 mitteretur
1892 862 1995 905 Cra-

293 939 483 988 coviam,
506 939 564 981 ob
585 937 698 981 aeris
714 936 1032 986 mutationem,
1055 935 1134 978 sed
1148 934 1194 977 id
1209 935 1438 991 quomodo
1453 934 1548 976 fieri
1564 934 1720 991 possit,
1739 948 1831 976 non
1845 932 1994 983 video,
2010 943 2046 971 ιο

293 1025 395 1052 cum
418 1010 512 1066 ipse
535 1009 592 1051 sit
617 1009 749 1051 valde
776 1007 948 1057 debilis,
974 1006 1087 1049 febri
1110 1006 1376 1062 praesertim
1399 1006 1552 1062 aliqua
1574 1019 1751 1062 semper
1772 1004 1995 1048 existente

293 1086 337 1123 et
369 1081 531 1123 debeat
563 1079 727 1135 deponi
757 1093 780 1121 e
809 1079 926 1121 lecto
956 1083 1000 1120 et
1031 1091 1185 1120 rursus
1219 1076 1406 1133 imponi,
1438 1081 1679 1132 tamquam
1707 1090 1826 1119 unus
1854 1087 1992 1132 puer;

293 1151 522 1207 quomodo
556 1165 659 1206 ergo
687 1150 821 1192 ferret
852 1154 949 1192 tam
976 1148 1110 1204 longi,
1142 1152 1327 1190 centum
1356 1147 1447 1190 fere
1481 1147 1741 1190 milliarium
1775 1144 1995 1203 germani-

293 1237 448 1265 corum
480 1227 524 1264 et
545 1221 740 1263 difficilis
758 1220 931 1263 itineris
949 1219 1259 1270 iactationem,
1277 1223 1357 1261 aut
1374 1233 1464 1275 quo
1480 1218 1687 1262 vehiculo
1706 1218 1775 1261 uti
1795 1215 1990 1260 debeat?

295 1293 507 1348 Princeps
535 1293 644 1335 dum
672 1292 860 1341 viveret,
907 1291 1205 1347 pollicebatur
1231 1290 1294 1332 illi
1322 1304 1503 1332 omnem
1531 1304 1687 1332 curam
1714 1294 1759 1332 et
1788 1289 1995 1331 doctores
2010 1298 2045 1326 15

293 1378 425 1406 suos:
462 1363 763 1406 Blandratam
795 1361 1041 1418 pessimum
1072 1361 1352 1404 haereticum
1385 1366 1430 1402 et
1464 1360 1726 1404 Marcellum
1759 1358 1994 1417 Squarcia-

293 1434 467 1490 lupum,
491 1435 684 1476 alterum
708 1432 1001 1484 haereticum,
1027 1433 1085 1475 ad
1106 1446 1210 1475 eum
1241 1431 1472 1481 mittebat,
1507 1431 1585 1488 qui
1616 1445 1662 1474 se
1693 1431 1804 1474 satis
1834 1431 1994 1472 huma-

294 1519 376 1548 nos
413 1519 518 1561 erga
554 1519 636 1547 nos
674 1505 993 1560 praebuerunt.

410 1576 623 1631 Princeps
651 1574 879 1631 pollicitus
907 1579 1003 1617 erat
1033 1574 1162 1616 nobis
1190 1574 1236 1615 in
1265 1573 1463 1629 singulos
1517 1587 1660 1616 annos
1691 1586 1802 1615 1000
1830 1572 1995 1614 taleros

295 1647 354 1689 ad
389 1647 593 1689 aedificia
628 1651 812 1689 tantum
845 1645 986 1688 donec
1019 1645 1374 1687 absolverentur.
1411 1644 1497 1687 Sed
1532 1649 1635 1700 post
1671 1644 1766 1686 eius
1801 1647 1995 1686 mortem
2009 1660 2045 1687 20

298 1717 458 1760 dubito
487 1718 542 1760 de
569 1718 654 1760 hoc
682 1716 916 1773 promisso.
947 1716 1108 1758 Adhuc
1137 1716 1321 1772 quidem
1350 1715 1655 1764 aedificamus,
1686 1715 1794 1771 quia
1821 1713 1996 1756 scholas

295 1799 319 1841 5
354 1793 398 1830 et
432 1794 610 1830 nostras
643 1787 950 1830 habitationes
983 1787 1187 1829 nondum
1221 1786 1512 1836 absolvimus,
1548 1786 1627 1828 sed
1658 1786 1743 1828 nisi
1776 1785 1996 1828 auxilium

296 1873 351 1901 ex
387 1859 601 1915 principis
636 1860 743 1901 fisco
780 1859 851 1901 vel
887 1873 914 1901 a
949 1872 1050 1913 rege
1086 1857 1336 1907 accesserit,
1375 1871 1586 1914 cogemur
1621 1857 1680 1899 ab
1716 1855 1997 1899 aedificando

296 1944 477 1985 prorsus
513 1929 738 1972 desistere.
777 1929 938 1972 Adhuc
972 1929 1044 1971 hic
1079 1933 1245 1984 pacata
1280 1933 1386 1970 sunt
1421 1928 1586 1970 omnia.
1626 1928 1843 1970 Nondum
1876 1926 1996 1969 enim

295 2005 362 2042 est
382 2015 502 2043 mors
520 2000 735 2056 principis
753 2000 1053 2056 promulgata,
1076 1999 1155 2042 sed
1171 1999 1386 2041 haeretici
1405 1998 1600 2042 ministri
1618 2000 1706 2041 huc
1725 2011 1996 2054 congregari·
2010 2015 2046 2042 25

295 2077 397 2115 tur:
433 2072 581 2114 nescio
617 2071 727 2127 quid
760 2075 973 2127 coquant.
998 2070 1232 2113 Minantur
1265 2084 1311 2112 se
1345 2070 1592 2126 scripturos
1626 2074 1785 2112 contra
1818 2073 1996 2112 nostras

295 2142 460 2184 Theses
482 2147 566 2184 etc.
585 2143 804 2198 Cuperem
827 2142 950 2191 scire,
978 2141 1014 2183 si
1040 2141 1151 2197 quid
1175 2141 1447 2197 scripserint,
1476 2155 1534 2183 an
1560 2155 1587 2183 a
1611 2141 1777 2183 nostris
1801 2140 1885 2183 erit
1910 2139 1996 2181 illis

294 2213 670 2268 respondendum.
712 2213 940 2256 Haeretici
976 2212 1116 2255 etiam
1162 2212 1397 2255 minantur
1442 2226 1488 2254 se
1533 2217 1713 2255 nostros
1758 2212 1994 2261 eiecturos,

295 2284 373 2326 sed
400 2298 501 2339 spes
529 2288 685 2327 nostra
712 2284 759 2326 in
787 2284 971 2327 domino
994 2285 1090 2326 Deo
1119 2288 1201 2333 est,
1223 2288 1268 2326 et
1297 2288 1400 2339 post
1430 2297 1534 2326 eum
1562 2283 1608 2325 in
1636 2297 1737 2339 rege
1766 2281 1991 2326 Poloniae.

302 2355 434 2410 Quod
452 2355 488 2397 si
507 2355 619 2411 quid
636 2354 775 2398 etiam
795 2355 1023 2411 patiemur
1040 2369 1122 2410 pro
1141 2354 1323 2397 nomine
1342 2355 1466 2409 jesu,
1488 2354 1611 2397 beati
1630 2368 1724 2397 nos.
1747 2352 1993 2410 Expedjret
2008 2369 2045 2397 30

295 2425 439 2475 valde,
477 2431 529 2468 ut
568 2427 621 2469 R.
661 2427 710 2468 P.
749 2425 1044 2469 Provincialis
1080 2425 1139 2468 ad
1174 2440 1256 2468 nos
1292 2425 1631 2481 quamprimum
1667 2425 1854 2468 veniret.
1895 2423 1995 2465 Iam

296 2496 479 2539 tertiam
499 2502 711 2539 votorum
730 2497 1074 2539 renovationem
1092 2496 1333 2539 habiturus
1353 2511 1521 2546 sumus,
1544 2496 1652 2552 quia
1669 2510 1749 2552 per
1767 2495 1994 2550 integrum

296 2580 466 2609 annum
489 2572 534 2608 et
559 2578 582 2620 5
607 2582 782 2610 menses
805 2582 832 2610 a
853 2567 984 2610 nobis
1008 2567 1155 2610 abfuit
1189 2569 1236 2610 P.
1263 2567 1569 2610 Provincialis.

428 2638 620 2680 Fructus
660 2639 916 2694 spirituales
956 2638 1015 2681 ad
1055 2639 1230 2681 Pascha
1270 2638 1529 2694 collegimus
1568 2637 1753 2680 minime
1793 2641 1993 2679 contem-

296 2707 495 2749 nendos:
540 2708 642 2751 licet
686 2715 795 2752 tunc
837 2709 1040 2752 nondum
1083 2709 1129 2750 in
1171 2709 1359 2751 civitate
1401 2709 1711 2751 manserimus.
1755 2709 1796 2750 A
1838 2707 1992 2750 Natali
2005 2722 2042 2750 35

297 2777 480 2820 Domini
506 2793 647 2834 usque
685 2781 744 2822 ad
770 2781 944 2823 Pascha
969 2780 1210 2822 audierunt
1236 2779 1379 2821 nostri
1405 2780 1592 2822 diversis
1617 2779 1663 2821 in
1688 2778 1796 2821 locis
1821 2779 1992 2821 confes-

297 2848 442 2890 siones
490 2849 725 2893 hominum
773 2851 948 2893 circiter
998 2863 1121 2893 1000.
1174 2850 1470 2893 Reconciliati
1517 2855 1623 2892 sunt
1671 2849 1885 2892 haeretici
1933 2849 1993 2891 ad

297 2931 381 2972 300
404 2923 448 2961 et
472 2932 526 2961 ex
549 2919 618 2961 his
641 2921 812 2976 aliquot
836 2921 1019 2964 nobiles.
1046 2921 1287 2964 Generales
1310 2920 1610 2963 confessiones
1632 2920 1816 2963 auditae
1840 2920 1899 2963 ad
1921 2930 1989 2973 50.

298 2990 464 3032 Omnes
480 2990 621 3032 nostri
638 2991 855 3047 discipuli,
874 3006 987 3048 quos
1003 2997 1111 3034 tunc
1130 2992 1412 3034 habebamus
1431 2992 1491 3034 ad
1509 3002 1578 3045 50,
1598 2990 1789 3034 confessi
1808 2990 1991 3033 fuerunt

297 3065 341 3102 et
380 3061 785 3104 communicarunt.
826 3063 957 3105 Nunc
995 3063 1069 3105 alii
1119 3076 1287 3112 omnes,
1346 3062 1449 3105 licet
1487 3063 1548 3105 ad
1583 3061 1909 3105 confessionem
1946 3066 2040 3105 et4o

427 3163 440 3183 ⁷
468 3163 701 3208 Magyarul:
733 3163 854 3209 Gyc‘sri
881 3165 1036 3200 Miklos.
