2188 3535
340 260 387 296 50
1106 238 1181 271 No.
1213 248 1257 282 14
1688 236 1807 282 [1576
1832 236 1959 282 szept.
1986 245 2027 280 13

338 364 541 422 quotidie
582 360 872 418 periclitatur.
929 356 1111 398 Moveat
1154 368 1281 397 amor
1320 353 1509 410 patriae,
1553 368 1670 410 quae
1721 353 1867 396 Tuam
1922 352 2030 395 M‘em

338 442 407 478 tot
433 433 561 477 annis
585 431 712 478 fovit,
738 426 943 474 nutrivit,
970 424 1096 467 aluit.
1124 424 1219 474 Cui,
1245 424 1353 481 quia
1376 429 1478 468 tum
1502 424 1700 468 maxime
1723 423 2028 480 praesentiam

338 504 612 560 corporalem
642 496 920 544 subtraxisti,
953 509 1056 537 cum
1087 495 1297 550 prodesse
1327 495 1575 551 plurimum
1605 499 1801 551 poteras,
1833 494 2029 537 consiliis

339 576 497 618 saltem
539 576 583 613 et
624 566 859 611 mittendis
900 566 947 607 in
990 579 1090 608 earn
1132 565 1394 608 doctoribus
1431 565 1677 615 catholicis,
1710 564 1801 608 noli
1843 565 2028 607 obsecro

339 645 500 687 deesse.
543 641 726 682 Moveat
768 635 1049 692 exspectatio
1090 636 1430 686 catholicorum,
1473 636 1552 692 qui
1593 640 1768 692 quanto
1810 634 2029 678 desiderio
2063 648 2082 676 5

337 717 540 756 nostrum
573 709 619 751 in
651 706 1029 763 Transylvaniam
1062 706 1311 762 ingressum
1344 707 1691 763 praestolentur,
1727 719 1819 748 non
1850 705 2029 761 ignorat

337 784 434 826 Tua
468 779 692 823 Maiestas.
731 778 914 820 Moveat
937 776 1206 832 magnitudo
1229 777 1430 833 praemii,
1455 777 1579 834 quod
1599 776 1706 818 hinc
1729 775 2026 832 consequeris.

338 854 454 896 Nam
487 850 522 893 si
555 854 671 892 teste
704 848 823 891 Divo
845 847 1100 903 Augustino
1132 847 1227 890 Arii
1259 862 1407 904 poena
1438 847 1641 890 nondum
1673 847 1721 889 in
1752 846 1928 889 inferno
1961 851 2030 889 est

337 921 523 966 definita
541 934 551 971 ;
590 924 842 976 propterea,
882 918 1006 974 quod
1042 917 1266 960 incertum
1304 923 1386 968 est,
1427 922 1539 974 quot
1577 917 1782 960 homines
1819 931 1900 973 per
1936 917 2031 960 eius

336 994 538 1036 haereses
568 1004 711 1046 usque
742 989 801 1032 ad
831 989 967 1031 finem
998 988 1158 1030 mundi·
1190 988 1546 1038 damnabuntur,
1580 988 1878 1044 cogitandum
1908 988 2032 1031 Tuae
2049 1002 2085 1030 ιο

337 1059 407 1106 Mti
429 1062 645 1118 relinquo,
682 1064 907 1117 quantum
940 1058 1128 1115 praemii
1149 1063 1195 1102 et
1217 1058 1382 1115 gloriae
1404 1059 1464 1102 ad
1484 1059 1631 1102 Tuam
1652 1057 1761 1101 Mtem
1791 1059 2030 1109 redundet,

337 1134 373 1176 si
395 1133 441 1176 in
464 1146 602 1189 regna
623 1136 668 1174 et
692 1130 902 1173 civitates
933 1130 1140 1172 doctores
1172 1129 1418 1173 catholicos
1441 1129 1759 1172 introduxerit.
1794 1130 2032 1186 Quotquot

337 1204 455 1247 enim
495 1203 554 1246 ad
591 1202 727 1245 fidem
766 1200 1035 1244 catholicam
1073 1205 1409 1250 convertentur,
1444 1201 1541 1243 Deo
1576 1200 1801 1256 imprimis
1840 1201 2034 1243 salutem

338 1289 466 1318 suam
484 1278 717 1329 acceptam
735 1272 896 1315 referre
914 1271 1160 1321 debebunt,
1181 1271 1342 1314 deinde
1361 1266 1432 1314 Mti
1449 1272 1590 1322 Tuae,
1611 1271 1799 1314 tandem
1816 1270 2034 1314 ministris

338 1344 581 1388 catholicis.
618 1344 800 1386 Moveat
823 1347 868 1385 te
889 1343 1033 1385 honor
1053 1342 1177 1385 Tuae
1199 1337 1286 1385 Mtis
1317 1347 1362 1385 et
1384 1341 1662 1385 existimatio
1684 1347 1866 1385 nostrae
1889 1341 2032 1385 Socie·
2051 1353 2087 1381 15

339 1415 477 1466 tatis;
510 1415 644 1471 plena
664 1418 731 1456 est
755 1413 845 1456 iam
877 1414 961 1456 hac
994 1413 1119 1456 fama
1149 1427 1240 1456 non
1271 1413 1417 1456 solum
1450 1413 1700 1469 Hungaria,
1735 1413 1814 1456 sed
1831 1412 2032 1462 Polonia,

340 1485 593 1534 Germania,
632 1484 766 1527 Italia
792 1489 837 1526 et
864 1483 1090 1540 Hispania
1114 1484 1260 1527 Tuam
1301 1482 1410 1526 Mtem
1445 1484 1639 1526 voluisse
1667 1483 1868 1541 Jesuitas
1894 1483 2034 1526 intro-

342 1557 502 1599 ducere
523 1555 569 1597 in
590 1554 980 1611 Transylvaniam,
1013 1569 1127 1610 quos
1156 1555 1193 1597 si
1222 1569 1314 1597 non
1343 1554 1661 1605 introduxerit,-
1693 1554 1804 1611 quid
1834 1555 2032 1604 obsecro,

343 1627 492 1669 dicent
548 1625 793 1668 haeretici?
854 1625 951 1668 Nisi
993 1625 1188 1668 voluisse
1231 1625 1415 1681 quidem
1457 1626 1604 1668 Tuam
1646 1624 1778 1675 Mtem,
1824 1626 1903 1668 sed
1944 1639 2036 1668 non

342 1697 542 1753 potuisse
571 1702 615 1739 et
646 1711 727 1739 nos
756 1697 827 1739 vel
857 1710 948 1739 non
978 1710 1112 1739 ausos
1142 1696 1291 1746 fuisse,
1324 1697 1396 1739 vel
1426 1696 1633 1739 noluisse.
1684 1696 1867 1752 Repelle
1896 1696 2088 1752 igiturzo

340 1767 409 1810 vir
447 1767 700 1817 fortissime,
746 1771 926 1810 tantam
955 1766 1249 1823 ignominiam
1280 1772 1325 1810 et
1365 1781 1393 1810 a
1430 1767 1560 1810 nobis
1599 1772 1783 1810 tanturn
1823 1767 2029 1816 dedecus,

341 1838 604 1894 praesertim
632 1852 734 1880 cum
761 1837 809 1880 id
835 1852 926 1880 uno
954 1839 1094 1881 verbo
1122 1839 1334 1894 perficere
1360 1838 1518 1895 possis.
1550 1838 1706 1881 Habes
1733 1837 1853 1880 enim
1881 1842 2033 1894 patres

341 1913 518 1951 nostros
546 1908 604 1951 ad
631 1913 794 1951 nutum
823 1913 867 1951 et
895 1909 1183 1952 voluntatem
1211 1913 1341 1952 tuam
1368 1909 1633 1965 pendentes.
1665 1909 1820 1952 Habes
1848 1908 2034 1951 fratrem

341 1984 485 2028 tuum,
542 1980 677 2021 Illmum
734 1979 967 2022 dominum
1019 1979 1394 2036 Christophorum
1450 1980 1731 2023 Bathoreum
1785 1979 2035 2035 principem

340 2049 706 2105 Transylvaniae‚
722 2050 968 2093 catholicae
984 2050 1089 2093 fidei
1104 2050 1441 2100 zelosissimum,
1459 2050 1537 2107 qui
1553 2050 1790 2106 collegium
1806 2065 1833 2093 a
1847 2051 1946 2093 Tua
1961 2049 2037 2092 Mte
2053 2060 2091 2089 25

341 2120 600 2176 incoeptum
628 2121 837 2176 perficere
866 2136 957 2164 non
986 2122 1131 2164 solum
1153 2126 1318 2177 potest,
1337 2122 1415 2164 sed
1431 2122 1571 2164 etiarn
1588 2121 1827 2164 desiderat.
1854 2123 2035 2164 Moveat

342 2190 447 2232 Mtem
485 2191 630 2233 Tuam
658 2192 797 2241 labor,
816 2206 951 2247 quem
968 2197 1038 2234 tot
1056 2192 1185 2235 annis
1200 2192 1246 2234 in
1262 2193 1588 2248 quaerentibus
1603 2193 1867 2237 doctoribus
1883 2192 2038 2235 catho-

343 2261 436 2303 licis
451 2261 705 2317 insumpsit,
716 2277 771 2305 ne
791 2262 826 2304 si
841 2262 931 2305 iam
947 2262 1158 2305 inventos
1173 2268 1218 2305 et
1234 2268 1529 2319 congregatos
1546 2263 1735 2312 deserat,
1754 2262 1800 2305 in
1815 2267 1967 2318 portu,
1984 2266 2036 2304 ut

344 2331 388 2373 in
418 2332 654 2388 proverbio
676 2338 758 2383 est,
784 2333 1070 2389 naufragium
1100 2333 1317 2389 patiatur,
1350 2333 1466 2376 idest
1497 2334 1649 2376 fructu
1678 2338 1749 2376 tot
1780 2333 2035 2390 vigiliarum

346 2402 558 2457 privetur,
588 2408 833 2459 postquam
860 2404 1013 2447 omnia
1039 2404 1238 2460 pericula
1265 2410 1309 2447 et
1338 2404 1666 2461 impedimenta
1694 2405 1877 2447 fuerunt
1905 2417 2034 2460 supe-
2052 2416 2092 2444 30

347 2477 457 2514 rata.
484 2474 665 2516 Moveat
691 2479 736 2516 te
760 2475 1040 2531 exspectatio
1065 2475 1338 2518 daemonum
1361 2489 1367 2517 ;
1396 2490 1452 2518 ne
1477 2475 1661 2532 quando
1687 2475 1841 2518 dicant
1865 2474 2036 2517 inimici

348 2541 626 2593 insultantes,
647 2545 981 2599 praevaluimus
999 2546 1215 2588 adversus
1232 2558 1354 2593 eum;
1381 2546 1702 2602 impedivimus
1719 2560 1833 2602 opus
1852 2546 2034 2594 bonum,

349 2625 402 2654 ex
425 2626 514 2667 quo
537 2615 782 2657 multorum
805 2617 925 2658 salus
947 2617 1175 2672 pendebat
1195 2631 1202 2659 :
1228 2617 1393 2672 quibus
1409 2631 1499 2659 non
1515 2616 1684 2673 poteris
1706 2616 1853 2659 maius
1875 2615 2037 2658 inferre

348 2686 637 2732 tormentum,
678 2699 814 2740 quam
846 2686 882 2728 si
913 2701 1027 2743 opus
1058 2687 1284 2743 praeclare
1315 2692 1528 2743 coeptum
1567 2687 1745 2729 fortiter
1781 2687 2031 2743 perfeceris.

350 2752 530 2794 Moveat
558 2753 747 2810 denique
787 2756 932 2799 Tuam
973 2758 1081 2800 Mtem
1117 2757 1396 2813 exspectatio
1422 2759 1644 2800 bonorum
1671 2757 1926 2813 spirituum,
1956 2757 2034 2813 qui
2054 2771 2092 2799 35

350 2821 603 2865 avidissime
638 2832 901 2881 exspectant
936 2833 981 2870 et
1016 2829 1307 2871 vehementer
1341 2828 1500 2870 sitiunt
1536 2829 1729 2871 salutem
1769 2827 2034 2879 hominum;

350 2896 394 2934 et
417 2898 639 2947 quantum
661 2897 854 2949 perversi
876 2898 1060 2954 spiritus
1082 2899 1137 2941 de
1157 2898 1409 2954 perditione
1430 2903 1475 2940 et
1498 2898 1758 2941 seductione
1780 2898 2038 2941 animarum

350 2962 590 3012 laetantur,
618 2969 797 3008 tantum
822 2967 928 3010 boni
953 2969 1008 3011 de
1032 2969 1294 3011 reductione
1318 2974 1364 3011 et
1389 2969 1680 3011 conversione
1704 2983 1859 3011 earum
1883 2973 2036 3024 gratu-

350 3033 513 3074 lantur.
548 3034 678 3088 Quod
702 3035 737 3076 si
765 3038 830 3090 (ut
848 3038 1024 3081 Veritas
1048 3039 1127 3093 ait)
1155 3039 1372 3095 gaudium
1396 3044 1464 3082 est
1490 3039 1657 3095 angelis
1682 3039 1766 3081 Dei
1790 3053 1924 3095 super
1946 3053 2037 3081 uno

350 3107 584 3158 peccatore
621 3105 945 3159 poenitentiam
987 3114 1160 3165 agente,
1195 3110 1250 3151 de
1281 3110 1477 3165 plurium
1510 3109 1751 3152 civitatum
1787 3110 1859 3152 vel
1895 3109 2038 3151 totius
2053 3126 2093 3154 40
2147 3144 2153 3162 ¹

351 3173 473 3228 regni
502 3175 802 3225 conversione,
834 3183 1007 3232 quanta
1034 3179 1210 3222 laetitia
1237 3180 1581 3235 perfundantur,
1620 3179 1887 3236 prudentiae
1916 3180 2039 3222 Tuae

2146 3176 2152 3285 l
