2188 3535
141 172 236 217 1582
267 171 351 205 okt.
390 172 451 216 19]
903 170 977 204 No.
1008 172 1054 217 78
1755 179 1825 214 233

139 288 229 331 duo
265 288 464 331 carmina
499 287 593 330 sine
629 288 785 330 multis
821 288 1044 331 erroribus
1079 303 1360 346 componere,
1399 293 1583 332 tantum
1618 287 1710 330 iam
1745 287 1830 329 sibi

141 358 315 408 tribuit,
354 364 406 401 ut
446 358 672 401 neminem
725 373 908 402 suarum
960 360 1192 403 actionum
1232 360 1341 403 velit
1380 360 1545 403 habere
1584 372 1826 401 censorem.

140 429 305 472 Amisit
343 434 573 486 praeterea
610 429 798 485 pallium
835 430 1051 473 muliebre
1088 431 1276 487 triginta
1313 432 1507 474 duorum
1543 431 1829 478 florenorum,

141 514 254 556 quos
294 500 528 556 collegium
569 500 726 542 debuit
767 500 950 543 solvere.
1006 503 1066 543 Et
1108 502 1224 544 sicut
1264 502 1350 544 iste
1391 516 1473 544 sua
1511 500 1744 544 iracundia
1785 504 1830 542 et

93 582 110 609 5
141 571 335 614 elatione
366 571 586 614 absterret
619 575 664 613 et
696 571 837 626 abigit
870 571 1096 615 studiosos
1128 588 1155 615 a
1186 573 1348 615 scholis
1378 572 1556 621 nostris,
1590 572 1652 614 sic
1683 576 1832 614 rector

141 656 223 684 sua
251 642 517 684 austeritate
545 642 591 684 in
620 641 814 691 colonos,
845 657 981 685 causa
1009 648 1089 693 est,
1109 648 1159 685 ut
1189 644 1394 686 homines
1422 658 1449 686 a
1477 648 1631 685 nostro
1661 642 1833 698 templo
1866 677 2021 704 &abitas

142 718 186 755 et
209 727 236 755 a
256 712 546 755 concionibus
568 712 831 755 alienentur.
858 714 913 755 Id
933 727 1038 756 cum
1060 715 1107 756 P.
1132 714 1353 757 Visitator
1372 715 1511 770 probe
1533 713 1830 769 cognovisset,
1846 726 1875 751 in
1900 726 2026 751 colonos.

141 783 444 834 ordinaverat,
468 798 524 826 ne
554 783 763 839 deinceps
794 798 839 826 se
871 784 917 826 in
949 799 1104 827 curam
1132 785 1404 828 rusticorum
1435 784 1720 833 immisceret,
1755 784 1834 826 sed

142 859 290 897 totam
328 854 452 897 illam
491 855 771 910 procuratori
809 855 1092 911 relinqueret.
1135 857 1304 898 Verum
1343 855 1682 912 quamprimum
1720 854 1835 897 Visi-

95 935 130 963 10
142 930 266 968 tator
289 930 334 968 et
360 925 652 968 Provincialis
678 925 990 975 discesserunt,
1015 927 1206 969 eandem
1231 927 1390 969 statim
1414 926 1611 969 vicissim
1636 925 1835 968 authori-

142 1001 302 1045 tatem,
337 1011 477 1052 quam
519 1001 655 1039 antea
686 997 885 1039 habebat
917 996 964 1039 in
996 997 1190 1046 colonos,
1225 997 1309 1040 sibi
1340 997 1593 1053 usurpavit,
1628 1011 1836 1052 procura-

143 1072 240 1110 tore
272 1072 511 1123 tamquam
544 1067 715 1110 famulo
754 1072 798 1110 et
836 1067 1082 1124 interprete
1117 1074 1262 1111 utens.
1298 1069 1472 1111 Iterum
1493 1067 1564 1109 hic
1586 1067 1632 1109 in
1655 1067 1837 1122 collegio

144 1138 329 1181 miseros
357 1138 539 1181 colonos
567 1153 647 1194 per
674 1151 699 1193 7
728 1143 772 1180 et
802 1139 1076 1195 quandoque
1105 1153 1184 1195 per
1211 1140 1236 1181 8
1265 1144 1310 1181 et
1339 1153 1418 1194 per
1445 1152 1471 1194 9
1501 1138 1594 1180 dies
1621 1138 1667 1179 in
1696 1137 1838 1179 duris-

144 1209 268 1251 simis
291 1209 534 1258 laboribus,
560 1214 800 1265 tamquam
824 1209 1050 1265 mancipia
1072 1236 1117 1240 —
1138 1215 1296 1252 contra
1319 1209 1693 1252 consuetudinem
1716 1207 1839 1263 regni

96 1289 131 1317 15
148 1306 194 1311 -
227 1280 391 1322 retinet
420 1285 464 1322 et
494 1280 572 1322 vix
600 1284 752 1322 atrum
780 1295 946 1336 panem
974 1285 1018 1322 et
1047 1281 1265 1323 haustum
1293 1280 1387 1323 vini
1414 1279 1601 1336 porrigit
1623 1293 1631 1330 ;
1662 1283 1707 1321 et
1736 1293 1840 1321 cum

145 1350 294 1393 miseri
341 1355 505 1407 petunt
553 1350 821 1393 facultatem
868 1351 1099 1400 redeundi,
1149 1351 1321 1394 baculis
1367 1365 1413 1393 se
1459 1350 1558 1393 illos
1604 1364 1840 1392 caesurum

145 1422 462 1464 comminatur.
514 1423 792 1477 Frequenter
822 1436 902 1477 pro
950 1421 1139 1464 minima
1184 1437 1243 1471 re,
1293 1422 1330 1464 si
1378 1436 1468 1464 non
1515 1420 1674 1464 statim
1721 1420 1842 1463 iussa

146 1493 240 1535 eius
271 1497 568 1548 exequantur,
602 1494 715 1547 capi,
750 1494 921 1540 vinciri,
956 1494 1220 1536 incarcerari
1251 1498 1288 1536 et
1331 1493 1608 1548 compedibus
1653 1493 1841 1548 astringi

145 1577 221 1606 eos
251 1563 391 1605 iubet.

97 1643 132 1670 20
262 1635 610 1689 Conqueruntur
663 1638 708 1676 et
760 1633 924 1676 viduae
962 1635 1276 1690 pauperculae,
1317 1635 1441 1691 quod
1477 1634 1629 1676 vivere
1667 1634 1751 1675 sub
1788 1648 1840 1675 eo

146 1719 237 1748 non
268 1704 457 1761 possint,
491 1705 550 1747 ob
581 1719 741 1760 graves
773 1705 1032 1747 exactiones
1065 1710 1109 1747 et
1143 1706 1312 1748 multos
1342 1706 1530 1754 labores,
1565 1719 1678 1761 quos
1710 1718 1842 1759 saepe

149 1776 298 1818 subire
337 1780 573 1831 coguntur,
615 1776 674 1818 ad
711 1790 825 1832 quos
864 1776 899 1818 si
938 1791 1029 1818 non
1068 1776 1219 1818 subito
1258 1781 1310 1818 ut
1349 1781 1573 1819 vocantur
1610 1775 1840 1832 profectae

149 1847 331 1896 fuerint,
371 1847 443 1889 vel
481 1845 603 1889 domi
640 1861 731 1889 non
768 1846 948 1896 fuerint,
987 1861 1056 1890 res
1094 1847 1367 1890 domesticae
1405 1861 1560 1890 earum
1598 1861 1625 1889 a
1662 1846 1844 1889 famulis

151 1917 427 1974 diripiuntur
456 1922 501 1959 et
531 1917 578 1959 in
608 1917 807 1960 tabernis
837 1932 917 1974 pro
948 1918 1054 1961 vino
1085 1918 1476 1974 impignorantur;
1510 1932 1623 1974 quas
1653 1917 1688 1960 si
1718 1931 1842 1959 recu-

102 1998 136 2025 25
152 2003 308 2045 perare
348 1988 504 2037 velint,
548 2002 712 2043 magno
754 1988 898 2044 pretio
940 1994 1163 2045 coguntur
1194 1989 1411 2032 redimere
1459 1994 1504 2032 et
1551 1988 1842 2031 nihilominus

153 2073 180 2102 a
210 2059 441 2102 laboribus
472 2074 563 2102 non
594 2059 855 2102 liberantur.

266 2130 417 2172 Prima
446 2130 517 2172 die
539 2129 717 2186 Aprilis,
755 2145 859 2173 cum
893 2130 1032 2187 aliqui
1068 2146 1123 2173 ex
1158 2131 1326 2174 colonis
1361 2130 1525 2173 nostris
1560 2144 1628 2172 res
1662 2128 1924 2173 venalesApr.
1949 2149 1978 2168 ιι

149 2201 367 2244 haberent
405 2201 453 2243 in
493 2201 588 2243 foro
625 2200 837 2250 civitatis,
876 2200 994 2250 inde,
1033 2202 1200 2244 relictis
1235 2201 1298 2243 ibi
1334 2201 1426 2243 suis
1461 2202 1607 2249 rebus,
1647 2199 1843 2241 fustibus

151 2271 371 2328 compulsi
399 2276 505 2314 sunt
534 2271 685 2314 venire
713 2272 773 2314 ad
798 2271 974 2314 labores
1000 2272 1047 2314 in
1075 2271 1324 2328 collegium,
1355 2271 1416 2313 sic
1444 2276 1615 2314 rectore
1642 2270 1840 2318 iubente,

103 2353 138 2380 30
152 2342 424 2385 mirantibus
455 2347 499 2385 et
531 2342 821 2398 stupentibus
851 2342 1075 2392 omnibus,
1109 2347 1207 2385 tam
1237 2342 1485 2391 haereticis,
1519 2356 1658 2397 quam
1688 2341 1844 2383 catho-

151 2413 259 2463 licis,
288 2418 386 2456 tam
412 2413 668 2456 inauditam
695 2418 740 2455 et
767 2412 960 2455 invisam
987 2413 1226 2456 saevitiam
1248 2412 1520 2455 Polonicam.
1540 2412 1684 2454 Iudex
1702 2410 1845 2454 nostri

152 2484 255 2541 pagi
289 2486 419 2534 Bacs,
456 2485 580 2540 quod
612 2499 703 2526 non
737 2483 930 2526 misisset
964 2484 1124 2526 eodem
1158 2483 1229 2526 die
1262 2484 1539 2526 laboratores
1572 2497 1628 2525 ex
1661 2482 1842 2531 colonis,

153 2569 244 2611 quo
280 2555 426 2597 iussus
464 2555 611 2598 fuerat
648 2555 708 2597 ad
744 2554 979 2610 collegium
1020 2555 1126 2609 (non
1163 2554 1282 2596 enim
1314 2554 1549 2596 invenerat
1581 2568 1655 2596 eos
1688 2552 1844 2607 domi),

155 2630 346 2669 vocatus
375 2631 442 2668 est
471 2626 566 2682 ipse
594 2640 699 2668 cum
727 2625 846 2668 socio
876 2625 935 2667 ad
963 2625 1199 2681 collegium
1228 2624 1402 2680 vesperi
1431 2629 1476 2667 et
1505 2625 1718 2667 detentus
1762 2628 1844 2666 est.

107 2706 142 2734 35
155 2696 373 2753 Sequenti
396 2696 467 2739 die
490 2696 615 2752 optio
640 2697 750 2739 data
772 2701 839 2738 est
863 2695 915 2745 ei,
941 2700 992 2737 ut
1016 2701 1098 2738 aut
1122 2696 1215 2751 ipse
1238 2695 1310 2737 hic
1333 2695 1520 2738 statutis
1543 2695 1702 2738 diebus
1723 2695 1848 2738 labo-

156 2776 289 2817 raret,
329 2772 408 2810 aut
446 2767 586 2810 alium
622 2767 720 2810 loco
753 2782 833 2809 suo
866 2767 1164 2809 conduceret:
1200 2766 1290 2822 qui,
1331 2781 1387 2808 ne
1424 2766 1547 2809 domi
1583 2765 1765 2808 interim
1802 2765 1849 2807 in

157 2839 290 2880 rebus
337 2838 595 2880 domesticis
643 2838 789 2881 maius
836 2838 1056 2880 damnum
1104 2842 1336 2893 pateretur
1386 2837 1680 2892 (conduxerat
1729 2836 1849 2879 enim

159 2913 204 2950 et
229 2908 324 2964 ipse
349 2923 430 2964 pro
455 2909 662 2965 sequenti
688 2909 759 2951 die
785 2922 1002 2951 messores
1027 2912 1072 2950 et
1098 2908 1346 2951 necessaria
1370 2907 1456 2950 illis
1481 2908 1698 2950 alimenta
1723 2921 1849 2962 prae-

160 2980 432 3034 paraverat),
451 2979 586 3022 misso
611 2980 670 3022 ad
693 2979 841 3022 forum
865 2979 997 3028 socio,
1022 2978 1240 3021 conduxit
1265 2978 1355 3021 suis
1373 2978 1580 3035 expensis
1602 2977 1848 3026 hominem,

112 3060 148 3086 40
161 3049 238 3104 qui
267 3063 348 3092 sua
376 3050 472 3092 vice
500 3051 571 3092 hic
600 3050 647 3092 in
675 3050 858 3107 collegio
886 3050 1124 3092 laboraret.

277 3121 481 3176 Longum
503 3126 618 3164 esset
639 3121 793 3164 omnia
813 3120 901 3164 alia
922 3120 1084 3163 similia
1105 3119 1358 3163 severitatis
1379 3120 1586 3175 exempla
1606 3132 1847 3161 recensere.
