2188 3535
156 850 257 876 Mai-cz.
282 855 325 879 27.

179 2748 282 2775 Marcz.
307 2755 321 2772 2
325 2754 349 2778 5.

345 170 416 195 100
1107 152 1184 186 No.
1218 162 1262 198 35
1655 154 1774 200 [1580
1803 153 1946 187 marcz.
1982 163 2029 198 27

338 276 504 325 subito,
525 276 606 317 che
626 289 704 330 per
721 274 750 315 il
771 278 924 326 tempo
943 270 979 312 si
998 271 1132 325 potra
1150 269 1371 320 edificare,
1393 270 1603 326 vogliono
1622 285 1830 326 reparare
1848 270 1879 312 il
1897 271 2030 314 cemi-

339 347 464 395 terio,
493 345 749 387 acconciare
774 343 816 384 la
841 341 1004 388 chiesa,
1032 340 1156 382 accio
1181 340 1262 382 che
1288 340 1334 382 vi
1358 341 1395 383 si
1420 355 1553 396 possa
1578 342 1816 390 celebrare,
1843 342 2031 384 essendo

337 422 460 458 stata
490 416 535 456 in
565 420 693 469 parte
724 412 933 455 rovinata
969 410 1091 465 dagli
1121 411 1320 460 heretici,
1363 411 1486 467 quali
1521 412 1574 453 la.
1595 412 1744 467 pietra
1783 411 2032 455 dell'altare

337 487 543 527 haveano
563 482 817 526 convertito
838 481 884 522 in
904 480 1073 529 tavola,
1092 480 1208 522 dove
1229 481 1258 522 il
1279 481 1487 523 ministro
1502 482 1687 524 insieme
1707 496 1792 524 con
1812 482 1856 524 13
1871 483 2033 539 moglie

336 561 380 597 et
422 554 512 609 figli
553 567 704 609 spesso
745 551 1093 600 s'inebriavanO,
1136 556 1181 592 et
1223 552 1296 593 nel
1337 566 1446 594 vaso
1489 553 1730 608 del'acqua
1770 552 2030 603 benedetta,
2065 563 2083 591 5

336 625 515 666 davano
543 623 601 665 da
629 624 731 665 bere
758 636 784 664 o
813 621 1042 676 mangiare
1070 635 1097 662 a
1123 621 1183 676 gli
1210 622 1409 671 animali,
1439 636 1523 664 con
1553 636 1809 665 reverenza.
1864 624 2036 679 Questa

338 696 360 735 ὲ
387 695 429 735 13
455 693 666 748 religione
693 698 738 735 et
766 693 890 748 pieta
917 692 963 734 di
990 692 1140 748 questi
1167 692 1275 734 novi
1302 693 1540 735 sacerdoti.

454 765 618 819 Doppo
642 764 855 805 d'havere
878 762 1037 804 scritto
1059 763 1099 804 le
1123 777 1223 804 cose
1246 763 1523 818 sopradette,
1548 763 1684 819 hoggi
1706 764 1805 805 ch'e
1826 763 1870 806 la
1894 764 2036 807 domi-

340 834 440 876 nica
473 834 586 876 delle
620 834 787 882 Palme,
822 834 1065 875 m'occorre
1094 832 1422 888 d’aggiongere,
1452 834 1533 876 che
1561 848 1646 889 pur
1677 834 1811 889 hoggi
1842 849 1934 877 uno
1966 835 2036 878 de'

339 905 482 947 nostri
508 904 638 960 padri
665 904 833 959 Ongari
860 905 883 944 ὲ
909 903 1080 945 andato
1107 917 1134 945 a
1161 903 1230 945 dir
1255 918 1402 946 messa
1428 909 1473 946 et
1499 904 1762 946 comunicar
1786 905 1905 948 nella
1930 905 2039 948 villa
2054 917 2088 944 ιο

339 975 618 1030 sopradetta,
649 989 733 1017 ove
756 975 829 1030 gia
849 975 1002 1016 hanno
1024 974 1143 1016 nella
1165 974 1315 1016 chiesa
1336 979 1549 1030 reparato
1578 975 1768 1024 saltare,
1801 980 1846 1017 et
1870 975 1907 1018 si
1929 990 2039 1019 sono

340 1045 663 1088 communicati
688 1045 869 1087 intorno
894 1059 922 1086 a
949 1058 1043 1087 1oo.
1074 1045 1203 1086 Nella
1228 1044 1343 1087 citta
1367 1058 1535 1087 ancora
1559 1045 1694 1101 hoggi
1719 1046 1749 1087 il
1775 1047 1822 1088 P.
1852 1046 2040 1089 Stefano

340 1117 401 1158 ha
428 1116 764 1158 communicato
792 1116 850 1157 da
879 1126 934 1168 5o
961 1120 1006 1157 et
1036 1118 1128 1171 qui,
1158 1115 1276 1157 nella
1304 1121 1461 1158 nostra
1489 1116 1678 1158 abbatia
1706 1116 1836 1158 molti
1863 1116 1902 1158 si
1929 1131 2040 1160 sono

343 1186 679 1235 communicati,
702 1191 746 1227 et
770 1186 800 1227 il
825 1187 868 1228 S‘
891 1186 1078 1228 Stefano
1101 1186 1292 1228 Bathori
1310 1188 1326 1213 ³
1348 1200 1434 1242 pur
1455 1186 1590 1242 hoggi
1613 1187 1840 1242 passando
1864 1187 1911 1230 di
1933 1202 2039 1244 qua,

342 1258 403 1298 ha
424 1256 554 1298 udito
577 1271 722 1299 messa
744 1257 861 1298 nella
884 1262 1040 1298 nostra
1062 1257 1224 1298 chiesa.
1253 1257 1290 1299 Il
1312 1271 1527 1299 concorso
1551 1257 1635 1299 alle
1658 1257 1928 1300 confessioni
1950 1272 2041 1301 non
2059 1269 2092 1297 15

344 1341 520 1376 manca,
549 1341 624 1369 ma
650 1327 728 1382 piu
755 1332 906 1382 presto
934 1327 979 1368 in
1007 1327 1156 1382 questi
1183 1327 1326 1382 giorni
1353 1328 1504 1370 ultimi
1530 1342 1691 1377 cresce,
1720 1331 1757 1371 si
1783 1329 1865 1371 che
1891 1343 1937 1371 se
1964 1329 2042 1385 piu

345 1397 391 1439 vi
416 1397 598 1446 fossero,
637 1398 718 1439 che
756 1403 985 1452 potessero
1015 1397 1118 1439 udir
1143 1398 1181 1439 le
1206 1398 1491 1448 confessioni,
1519 1412 1610 1440 non
1635 1399 1838 1441 stariano
1862 1399 1908 1441 in
1933 1400 2040 1442 otio.

347 1469 556 1510 Lontano
579 1468 624 1509 di
647 1482 737 1523 qua
760 1468 818 1510 da
844 1480 893 1510 12
918 1468 1071 1522 miglia
1095 1468 1288 1510 Italiane
1311 1469 1357 1510 vi
1380 1470 1403 1510 e
1424 1469 1468 1511 13
1491 1475 1647 1511 nostra
1670 1474 1794 1511 terza
1816 1470 1937 1519 villa,
1962 1471 2044 1512 che

346 1538 382 1580 si
404 1538 582 1580 chiama
604 1538 818 1593 Jegenye,
842 1553 926 1580 ove
949 1538 1046 1580 sino
1069 1539 1226 1581 adesso
1252 1539 1296 1580 vi
1322 1540 1345 1580 e
1368 1544 1492 1581 stato
1515 1553 1577 1581 un
1602 1540 1810 1582 ministro
1831 1541 2045 1592 heretico,

347 1609 479 1664 quale
508 1609 695 1650 essendo
723 1609 956 1650 licentiato
985 1614 1148 1664 questa
1176 1609 1538 1665 quadragesima,
1570 1610 1615 1652 vi
1645 1611 1669 1651 ὲ
1697 1610 1742 1652 di
1771 1611 1846 1666 poi
1875 1611 2047 1653 andato
2062 1623 2098 1650 20

348 1693 440 1720 uno
473 1679 518 1720 di
552 1679 693 1721 nostri
726 1679 869 1735 padri,
905 1684 950 1721 et
984 1679 1137 1735 doppo
1170 1694 1262 1722 una
1294 1695 1320 1721 o
1354 1680 1441 1722 due
1475 1680 1687 1736 prediche
1721 1681 1835 1722 tutti
1867 1681 1905 1723 si
1937 1696 2048 1724 sono

350 1749 526 1790 risoluti
542 1749 587 1791 di
603 1751 823 1791 ritornare
840 1750 927 1791 alla
940 1750 1040 1792 fede
1055 1750 1284 1799 cattolica‚
1303 1750 1420 1792 fuori
1436 1750 1482 1792 di
1498 1750 1586 1800 doi,
1605 1756 1650 1793 et
1666 1750 1704 1793 si
1719 1752 1930 1806 vogliano
1945 1766 2050 1794 con-

353 1820 530 1868 fessam,
567 1825 612 1861 et
646 1825 776 1874 parte
810 1820 846 1861 si
880 1833 990 1862 sono
1022 1820 1279 1869 confessati,
1316 1825 1361 1862 et
1396 1821 1456 1876 gli
1489 1821 1594 1863 altri
1628 1821 1665 1863 si
1699 1821 2049 1865 confessaranno

353 1889 537 1945 quando
570 1890 714 1945 prima
746 1892 878 1945 potra
910 1891 1071 1932 alcuno
1104 1891 1150 1932 di
1181 1891 1324 1933 nostri
1356 1891 1525 1934 andare
1557 1906 1584 1934 a
1615 1891 1801 1935 sentirli.
1836 1893 2049 1936 L’istesso

354 1960 492 2015 padre
529 1960 786 2002 nel'andare
821 1966 866 2002 et
903 1961 1124 2003 ritornare
1160 1962 1219 2004 da
1254 1968 1416 2018 questo
1453 1962 1649 2018 vinagio,
1688 1963 1785 2005 dice
1820 1964 1902 2006 che
1936 1965 2101 2007 altrez‘,

354 2030 458 2072 ville
498 2031 557 2085 gli
597 2032 748 2073 hanno
790 2031 908 2073 fatto
949 2032 1158 2074 instanza
1198 2033 1487 2075 ch'andiamo
1528 2047 1555 2075 a
1595 2033 1846 2089 predicarli,
1889 2036 2052 2090 perche

355 2101 564 2155 vogliono
597 2101 817 2143 ritornare
850 2102 938 2144 alla
971 2103 1070 2144 fede
1103 2103 1332 2153 cattolica‚
1367 2118 1442 2146 ma
1475 2118 1554 2160 per
1587 2104 1779 2147 carestia
1812 2105 2051 2161 d'operarii

355 2171 536 2226 Ongari‚
569 2185 659 2214 non
688 2172 724 2214 si
752 2174 843 2228 puo
872 2174 1070 2229 supplire
1099 2187 1125 2215 a
1153 2174 1280 2216 tutti.

473 2242 493 2284 I
526 2242 669 2284 nostri
700 2243 860 2285 scolari
890 2244 1002 2285 hieri
1034 2258 1060 2286 a
1092 2245 1289 2287 mattina
1322 2259 1348 2287 a
1380 2246 1503 2287 buon
1535 2246 1660 2295 hora,
1691 2245 1842 2301 doppo
1865 2246 2054 2289 d'haver

358 2312 488 2354 udita
519 2327 677 2363 messa,
711 2314 905 2356 secondo
936 2314 966 2356 11
997 2320 1201 2357 costume
1233 2316 1278 2357 di
1309 2322 1467 2372 queste
1499 2316 1662 2365 bande,
1695 2331 1741 2358 se
1771 2317 2053 2359 n¹andorono
2069 2329 2105 2357 30

358 2381 541 2425 insieme
575 2384 659 2426 alle
693 2385 812 2426 selve
849 2399 929 2440 per
961 2385 1121 2441 pigliar
1154 2386 1192 2428 le
1227 2387 1389 2442 palme,
1426 2392 1470 2429 et
1505 2387 1790 2429 ritornarono
1823 2402 1885 2429 un
1920 2402 2054 2444 pezzo

359 2452 509 2508 doppo
536 2455 845 2510 mezzogiorno
871 2469 956 2497 con
982 2456 995 2497 1
1022 2457 1135 2498 rami
1162 2457 1486 2513 verdeggianti,
1515 2458 1665 2500 ornati
1690 2472 1774 2500 con
1801 2458 1915 2500 varii
1939 2459 2052 2508 fiori,

362 2528 406 2564 et
428 2523 710 2567 ritornarono
731 2525 777 2567 in
799 2527 1094 2581 processione,
1117 2528 1348 2570 cantando
1364 2528 1462 2570 sino
1483 2528 1730 2570 all'intrare
1750 2529 1869 2571 nella
1889 2529 2053 2579 chiesa,

362 2594 570 2647 ponendo
599 2595 613 2635 i
643 2597 756 2637 rami
799 2610 933 2652 sopra
964 2597 1024 2652 gli
1053 2598 1188 2640 altari
1218 2604 1263 2640 et
1293 2604 1556 2641 veramente
1587 2613 1662 2640 era
1691 2599 1944 2654 spettacolo
1973 2600 2055 2642 che

363 2663 483 2704 dava
498 2665 794 2719 grandissima
810 2667 1131 2717 consolatione,
1149 2674 1195 2711 et
1212 2670 1455 2724 allegrezza
1470 2669 1542 2711 nel
1559 2669 1756 2724 Signore.
1776 2670 1841 2712 La
1856 2670 2058 2726 maggior
2071 2681 2107 2710 35

364 2739 492 2787 parte
539 2749 703 2778 ancora
749 2737 882 2779 d'essi
929 2738 965 2780 si
1011 2739 1248 2781 comunico
1281 2740 1311 2781 il
1345 2739 1500 2795 giorno
1543 2739 1642 2782 dell'
1676 2740 1975 2791 Annontiata,
2011 2745 2057 2783 et

365 2802 525 2845 dicono
559 2806 670 2846 tutti
703 2807 739 2848 si
772 2808 1179 2851 comonicheranno
1212 2810 1255 2852 la
1289 2811 1482 2866 Pasqua.

484 2874 534 2915 Io
561 2875 817 2920 domattina
839 2893 923 2920 con
945 2879 989 2920 la
1010 2879 1157 2934 gratia
1180 2880 1250 2922 del
1274 2880 1457 2936 Signore
1480 2880 1652 2922 andaro
1675 2880 1734 2922 ad
1755 2881 1872 2923 Alba
1894 2880 2057 2931 Giulia,

369 2956 453 2984 ove
473 2944 601 2986 udiro
620 2946 659 2987 le
679 2947 947 2990 confessioni
966 2949 1012 2991 di
1031 2950 1167 3006 quelli
1188 2951 1384 3000 Italiam,
1406 2951 1530 3007 quali
1549 2965 1775 2993 vorranno
1795 2951 2060 2994 confessarsi

366 3020 2059 3035 Μ

497 3042 512 3062 ³
540 3043 681 3078 Istvan
711 3045 839 3091 kiraly
869 3048 1103 3083 hasonnevfi
1133 3050 1414 3090 unokaocscse,
1445 3051 1619 3085 testvere
1649 3051 1955 3095 gyermekeinek
1983 3052 2112 3097 leg-40

368 3099 588 3144 idosebbje‚
624 3111 648 3134 a
681 3102 917 3149 Bathoryak
951 3106 1286 3152 Andras-aganak
1318 3108 1484 3143 seniora.
