2188 3535
134 209 230 254 1583
263 207 362 241 febr.
402 209 462 253 13]
904 208 978 242 No.
1009 209 1053 253 85
1758 218 1828 253 253

951 321 1022 364 85.

557 419 870 474 Niepozomice,
906 421 1020 474 1583
1049 420 1295 473 februa‘rius
1328 432 1395 474 13.

130 523 323 574 Bathory
348 522 496 561 Istvan
520 521 657 573 kiraly
680 521 990 573 alapito-levele
1014 536 1038 562 a
1061 523 1296 562 kolozsvari
1319 522 1833 574 jezsuita-kollegiummal

582 581 851 632 kapcsolatos
880 582 1176 621 szeminarium
1205 583 1373 621 re'sze're.

81 695 101 723 5
266 678 359 720 Nos
381 678 639 734 Stephanus
661 678 745 721 Dei
765 679 913 734 gratia
944 693 1022 721 rex
1055 679 1280 727 Poloniae,
1312 680 1503 734 Magnus
1525 679 1619 721 dux
1641 678 1828 721 Lithua-

130 748 244 798 niae,
273 748 476 797 Russiae,
505 749 725 798 Prussiae‚
754 749 997 798 Masoxdae,
1026 749 1312 806 Samogitiae,
1343 750 1547 798 Kioviae,
1575 748 1824 796 Volhiniae,

132 819 416 868 Podlachiae,
463 819 768 876 Livoniaeque
813 826 896 862 etc.
945 820 1167 869 dominus,
1213 835 1294 863 nec
1337 835 1428 863 non
1470 819 1827 876 Transylvaniae

131 904 351 947 princeps.

264 961 507 1004 Memoriae
550 962 921 1005 commendamus
964 968 1118 1005 tenore
1160 961 1467 1018 praesentium
1509 961 1826 1017 significantes,

84 1049 120 1078 ιο
132 1032 296 1088 quibus
326 1032 510 1088 expedit
540 1032 772 1075 universis.
812 1033 946 1089 Quod
975 1047 1056 1075 nos
1086 1047 1166 1088 pro
1198 1032 1341 1075 nostri
1370 1031 1590 1088 imprimis
1612 1032 1659 1074 in
1681 1033 1829 1074 Deum

132 1103 371 1159 Optimum
424 1103 676 1146 Maximum
728 1103 913 1159 pietate,
968 1118 1107 1159 quam
1158 1104 1291 1145 rebus
1343 1103 1554 1145 omnibus
1607 1102 1829 1158 potiorem

133 1188 309 1230 semper
328 1173 547 1222 ducimus,
571 1174 731 1216 deinde
753 1188 833 1230 pro
853 1189 905 1217 ea
932 1189 1038 1217 cura
1058 1181 1102 1216 et
1123 1174 1288 1223 studio,
1311 1173 1434 1229 quod
1453 1173 1499 1215 in
1519 1172 1830 1228 promovenda

133 1244 342 1300 religione
375 1245 621 1287 christiana
666 1245 960 1287 libentissime
992 1244 1308 1301 impendimus,
1344 1251 1572 1300 postremo
1617 1242 1830 1298 peculiari

134 1315 274 1358 etiam
315 1315 516 1371 quodam
556 1315 704 1371 gentis
743 1320 925 1358 nostrae
968 1316 1253 1371 Hungaricae
1294 1329 1446 1357 amore
1487 1313 1678 1362 incitati,
1721 1312 1832 1355 nihil

83 1403 119 1432 15
133 1387 355 1429 hactenus
381 1400 537 1429 earum
563 1400 726 1435 rerum,
756 1400 872 1442 quae
900 1387 959 1429 ad
985 1386 1242 1442 provinciae
1269 1392 1450 1428 nostrae
1476 1383 1832 1440 Transylvaniae

133 1457 321 1506 cultum,
369 1462 702 1506 ornamentum,
758 1457 1139 1513 commodumque
1176 1462 1379 1512 spectare
1416 1455 1626 1498 arbitrati
1662 1468 1832 1503 sumus,

133 1528 292 1584 reliqui
328 1527 516 1570 fecimus
537 1542 545 1578 ;
587 1528 795 1570 dedimus
820 1527 1043 1584 siquidem
1068 1535 1174 1570 ante
1199 1527 1351 1570 omnia
1376 1541 1573 1583 operam,
1601 1532 1653 1567 ut
1678 1525 1833 1567 iuven-

133 1599 248 1642 tutis
284 1598 330 1640 in
366 1598 537 1654 pietate
575 1604 620 1641 et
658 1598 860 1641 honestis
897 1598 1155 1655 disciplinis,
1196 1613 1251 1641 ex
1289 1598 1452 1654 quibus
1494 1597 1639 1640 omnis
1676 1597 1836 1639 huma-

135 1669 294 1712 nitatis
330 1669 447 1712 ratio
484 1669 669 1725 petitur,
709 1669 1018 1712 instituendae
1055 1669 1201 1726 gratia
1239 1669 1491 1724 complures
1529 1667 1651 1710 docti
1689 1673 1734 1709 et
1773 1667 1834 1723 pii

83 1740 220 1786 20viri
254 1755 310 1782 ex
346 1740 572 1783 Societate
609 1741 719 1795 Jesu
754 1740 800 1782 in
835 1740 958 1783 illam
994 1740 1191 1796 patriam
1227 1755 1271 1782 se
1307 1739 1575 1787 conferrent,
1614 1738 1740 1781 sedes
1774 1738 1837 1779 ibi

134 1812 335 1867 figerent,
366 1811 498 1853 ludos
527 1812 754 1867 aperirent
788 1816 833 1854 et
864 1812 1052 1868 depulsa
1082 1811 1246 1854 sensim
1276 1810 1496 1858 barbarie,
1529 1824 1645 1866 quae
1675 1809 1837 1851 iniuria

134 1887 393 1938 temporum
431 1882 685 1938 irrepserat,
729 1882 931 1925 maxima
968 1882 1228 1925 hominibus
1266 1882 1350 1925 illis
1395 1881 1634 1924 commoda
1673 1880 1837 1935 impor-

134 1958 298 1996 tarent.
338 1953 411 1995 Ad
446 1967 563 2008 quae
598 1953 751 1995 omnia
787 1967 839 1995 eo
869 1953 1035 1995 rectius
1066 1953 1348 1995 instituenda
1378 1958 1516 2008 atque
1564 1950 1839 2007 perficienda

135 2023 465 2079 amplissimum
485 2023 645 2065 iisdem
665 2023 874 2079 patribus
897 2024 1135 2066 Societatis
1155 2024 1265 2078 Jesu
1286 2023 1523 2078 collegium
1544 2021 1839 2064 attribuimus

83 2100 180 2141 25et
216 2094 524 2142 fundavimus,
562 2100 773 2149 sumptus
809 2094 873 2136 eis
908 2094 1180 2137 necessarios
1216 2093 1624 2149 suppeditavimus,
1664 2091 1838 2133 scholas

137 2165 490 2213 aedificavimus,
517 2179 567 2207 ac
590 2165 802 2207 omnibus
824 2165 870 2206 in
892 2166 1025 2207 rebus
1047 2179 1203 2207 eorum
1226 2164 1382 2206 usibus
1404 2163 1585 2206 abunde
1609 2161 1838 2218 prospexi-

137 2250 250 2278 mus.
281 2236 456 2292 Quibus
477 2235 543 2278 ita
564 2249 619 2277 ex
640 2235 796 2277 ordine
818 2235 1021 2291 provisis,
1044 2235 1157 2277 illud
1178 2248 1358 2291 quoque
1379 2233 1509 2276 nobis
1530 2231 1839 2275 omittendum

138 2321 230 2349 non
277 2307 378 2355 fuit,
413 2307 523 2362 quin
570 2306 868 2361 ingenuorum
916 2305 1275 2348 adolescentium
1323 2310 1367 2346 et
1415 2304 1632 2345 iuvenum
1679 2301 1840 2344 studiis

137 2377 424 2420 addictorum
456 2376 761 2433 frequentiam
795 2391 875 2418 ceu
908 2382 1105 2431 segetem
1138 2375 1372 2431 quandam
1403 2374 1590 2416 uberem
1624 2372 1839 2428 produce-

85 2462 298 2497 30remus,
324 2462 514 2504 eamque
538 2453 725 2503 sumptu
750 2452 905 2489 nostro
929 2447 988 2488 ad
1010 2461 1138 2502 spem
1161 2445 1346 2501 pietatis
1369 2450 1413 2487 et
1437 2444 1672 2486 literarum
1693 2443 1840 2485 laudis

138 2519 350 2561 continue
389 2519 620 2561 aleremus.
664 2519 777 2560 Cum
816 2517 971 2573 itaque
1010 2517 1070 2559 ad
1118 2517 1202 2558 hoc
1254 2523 1351 2558 tam
1402 2515 1683 2571 praeclarum
1727 2527 1841 2569 opus

139 2590 501 2645 promovendum
536 2603 704 2645 aequas
739 2588 975 2630 nobiscum
1010 2587 1207 2629 rationes
1247 2586 1545 2629 Beatissimus
1580 2585 1627 2627 in
1663 2584 1840 2628 Christo

139 2661 276 2702 Pater
311 2666 356 2702 et
394 2660 630 2708 Dominus,
671 2659 881 2701 dominus
918 2658 1157 2713 Gregorius
1195 2657 1395 2699 decimus
1432 2656 1595 2698 tertius
1632 2654 1839 2711 pontifex

139 2731 379 2780 maximus,
417 2745 498 2787 pro
534 2745 616 2773 sua
650 2730 697 2772 in
731 2735 914 2786 gentem
949 2734 1154 2771 nostram
1190 2727 1499 2783 Hungaricam
1535 2726 1759 2768 charitate
1795 2731 1840 2767 et

89 2819 126 2847 35
141 2801 412 2844 liberalitate
437 2801 645 2844 ferendas
669 2800 970 2847 constituerit,
999 2799 1230 2855 praedicto
1255 2798 1439 2854 collegio
1466 2797 1706 2840 Societatis
1731 2797 1842 2851 Jesu

142 2872 423 2928 Claudiopoli
456 2873 503 2914 in
536 2871 880 2928 Transylvania,
918 2885 1008 2912 una
1043 2884 1147 2912 cum
1180 2869 1342 2912 scholis
1375 2869 1468 2912 iam
1501 2868 1674 2917 erectis,
1711 2867 1841 2910 semi-

141 2942 319 2985 narium
355 2957 535 2999 quoque
567 2943 785 2986 iuvenum
818 2947 863 2984 et
896 2941 1128 2989 nobilium,
1165 2946 1209 2982 et
1242 2939 1533 2995 plebeiorum,
1565 2938 1644 2994 qui
1680 2951 1842 2992 nempe

142 3013 201 3055 ob
226 3018 410 3056 tenuem
436 3028 591 3056 eorum
617 3013 850 3056 fortunam
875 3011 1105 3067 ingenium
1130 3010 1270 3053 literis
1295 3010 1496 3052 excolere
1522 3023 1613 3051 non
1639 3012 1837 3064 possent,

143 3083 379 3126 adiicimus
411 3098 464 3126 ea
495 3083 654 3133 forma,
690 3084 826 3126 modo
859 3089 904 3125 et
937 3082 1124 3130 ratione,
1160 3095 1300 3137 quam
1331 3081 1377 3122 in
1410 3078 1844 3135 septentrionalibus

93 3171 130 3199 40
145 3153 370 3209 aliquibus
393 3154 635 3210 provinciis
658 3156 712 3197 R.
737 3155 784 3196 P.
810 3153 1037 3196 Antonius
1060 3151 1330 3195 Possevinus
1354 3149 1593 3193 Societatis
1615 3149 1738 3204 Jesu,
1766 3148 1845 3204 qui
