2188 3535
326 206 398 247 264
1091 197 1165 231 No.
1195 199 1241 231 88
1641 198 1755 244 [1583
1787 195 1931 230 marcz.
1969 206 2012 243 15

325 336 378 364 cx
418 335 547 363 carne
585 321 952 375 proponerentur,
993 319 1171 369 praeter
1208 314 1505 370 antipastum,
1547 329 1626 358 seu
1663 314 1926 358 minestram
1964 319 2010 357 et

326 397 425 446 post
456 395 667 446 pastum;
700 392 744 429 et
775 385 1023 428 secundum
1053 383 1272 427 ferculum
1302 399 1358 428 ex
1387 400 1520 428 carne
1552 399 1727 441 semper
1755 389 1823 427 est
1854 385 1926 427 vel
1955 399 2011 428 ex

324 461 509 516 gallinis,
548 459 617 501 vel
654 472 708 499 ex
745 455 901 503 damis,
941 454 1013 496 vel
1049 468 1104 496 ex
1140 455 1297 505 cervis,
1335 456 1407 499 vel
1443 471 1498 498 ex
1533 455 1773 512 leporibus.
1812 455 2012 498 Gallinas

326 535 535 573 tenentur
556 526 698 570 coloni
721 526 839 574 dare,
864 525 998 574 ultra,
1022 524 1068 566 ni
1090 524 1232 575 faHor‚
1258 538 1369 580 1300
1390 526 1437 569 in
1458 541 1590 576 anno,
1615 530 1796 582 praeter
1815 525 2013 569 decimas

323 599 615 655 porcellorum
655 601 698 638 et
739 609 987 651 agnorum;
1030 595 1150 638 ferae
1188 597 1335 639 omnis
1373 597 1546 653 generis
1584 596 1631 639 in
1669 595 1835 639 nostris
1873 596 2013 653 sylvis
2047 611 2066 639 5

323 669 579 724 capiuntur,
602 672 646 709 et
666 667 712 708 in
733 666 828 708 foro
848 665 994 707 tribus
1013 666 1148 722 pullis
1163 667 1377 710 venditur
1395 682 1487 710 una
1507 669 1656 710 dama.
1679 669 1799 709 Ante
1818 667 2012 723 quadra-

319 739 546 795 gesimam,
582 751 672 780 uno
706 737 799 779 solo
832 750 999 786 mense,
1035 737 1184 792 plures
1218 752 1358 794 quam
1394 751 1447 781 10
1481 739 1641 781 damas
1674 742 1719 780 et
1755 748 1806 791 15
1841 737 2013 794 lepores

321 808 690 864 consumpsimus,
720 807 895 849 omissis
921 807 1078 850 multis
1103 808 1291 863 gallinis.
1322 809 1493 852 Diebus
1520 809 1663 852 etiam
1690 808 1842 851 ieiunii
1868 808 2014 864 dupli-

320 894 389 922 ces
424 879 664 934 portiones,
702 877 898 934 duplicia
933 877 1102 921 fercula
1135 893 1191 921 ex
1226 879 1414 922 diversis
1448 879 1648 936 piscibus
1681 884 2010 935 proponuntur.

326 951 471 1006 Quare
512 950 625 992 adeo
666 948 894 991 delicatuli
936 948 1046 991 facti
1087 954 1193 992 sunt
1234 949 1326 992 iam
1368 950 1611 1000 fraterculi,
1654 955 1708 992 ut
1743 951 1876 1006 pauci
1908 950 2011 1002 sint,
2031 964 2067 991 10

319 1021 394 1077 qui
423 1020 563 1063 velint
592 1020 782 1062 bovinas
810 1033 966 1062 carnes
993 1024 1188 1076 gustare,
1231 1021 1310 1063 sed
1337 1026 1583 1077 expectant
1612 1021 1812 1077 gallinas,
1842 1021 2015 1077 lepores

318 1091 388 1133 vel
413 1091 570 1134 damas
591 1105 599 1141 ;
626 1105 681 1133 ex
705 1090 869 1146 quibus
894 1095 992 1133 tam
1016 1105 1204 1147 magnas
1229 1092 1340 1134 dant
1365 1091 1609 1148 portiones,
1638 1096 1691 1134 ut
1715 1092 1775 1134 ad
1797 1106 2015 1135 nauseam

318 1161 466 1220 quivis
505 1161 660 1204 satiari
699 1160 854 1217 possit.
899 1162 996 1204 Ista
1035 1166 1192 1204 tamen
1232 1162 1413 1212 fercula,
1455 1167 1695 1219 praesente
1734 1162 2013 1219 provinciali,

318 1232 551 1275 visitatore
579 1237 622 1274 et
650 1233 724 1274 Vra
751 1232 1026 1275 Reverentia
1065 1232 1346 1276 minuuntur.
1387 1235 1448 1276 Et
1476 1234 1600 1290 quod
1627 1234 1764 1276 modo
1791 1238 1890 1276 tam
1916 1247 2017 1276 care

319 1309 536 1359 cogantur
572 1317 717 1346 emere
754 1303 910 1359 pisces,
949 1302 1151 1359 ipsorum
1188 1305 1321 1360 culpa
1357 1310 1437 1347 est.
1494 1306 1612 1361 Quia
1661 1304 1697 1347 si
1747 1304 2018 1360 tempestive
2035 1318 2070 1346 15

319 1379 424 1416 ante
451 1376 660 1430 hyemem
689 1379 922 1416 curassent
950 1374 1113 1430 piscari
1140 1375 1374 1431 piscinam,
1406 1390 1547 1432 quam
1578 1375 1767 1418 donavit
1795 1375 2016 1431 princeps,

319 1445 443 1487 cuius
481 1445 716 1501 longitudo
755 1445 815 1488 ad
852 1459 996 1487 unum
1038 1445 1226 1488 milliare
1265 1446 1674 1503 Transylvanicum
1713 1446 2015 1503 protenditur,

319 1531 407 1558 non
443 1516 586 1558 solum
622 1530 703 1571 pro
738 1515 922 1572 collegio
958 1516 1233 1559 sufficientes
1267 1517 1533 1560 habuissent
1568 1517 1724 1573 pisces,
1767 1517 1847 1559 sed
1879 1517 2019 1560 etiam

316 1587 487 1629 lucrare
524 1601 579 1629 ex
615 1586 700 1629 illis
737 1586 912 1643 aliquot
950 1592 1163 1630 centenos
1199 1602 1357 1631 aureos
1393 1588 1663 1644 potuissent.

446 1658 678 1700 Secundus
705 1658 867 1701 modus
896 1663 978 1707 est,
1008 1662 1060 1700 ut
1089 1663 1134 1700 et
1163 1659 1369 1701 minister
1395 1664 1493 1702 tam
1521 1658 1731 1709 ministri,
1757 1673 1897 1715 quam
1919 1672 2069 1715 pro-20

318 1728 536 1771 curatoris
569 1728 717 1771 officio
753 1728 985 1785 privetur:
1025 1729 1132 1785 quia
1167 1730 1227 1772 ad
1260 1734 1507 1786 utrumque
1542 1735 1612 1773 est
1647 1730 1845 1786 ineptus.
1883 1729 2020 1773 Domi

318 1799 487 1841 nullam
517 1813 699 1855 prorsus
727 1800 866 1842 habet
897 1814 1054 1842 curam
1084 1815 1233 1843 rerum
1264 1801 1630 1850 domesticarum,
1662 1800 1771 1844 soris
1800 1800 1847 1843 in
1876 1800 2019 1843 admi-

319 1869 562 1913 nistrandis
598 1871 728 1913 bonis
763 1871 962 1913 externis
997 1872 1211 1914 scandalo
1247 1877 1314 1914 est
1350 1872 1516 1928 potius,
1542 1886 1681 1928 quam
1717 1871 2021 1914 aedificationi

319 1946 363 1982 et
406 1941 588 1997 collegio
630 1941 905 1984 detrimento
947 1942 1103 1998 magis,
1149 1957 1288 1998 quam
1330 1942 1534 1985 utilitati.
1582 1942 1824 1999 Imperitat
1866 1956 2018 1985 eoram

320 2011 512 2054 subditis
540 2012 682 2055 stoica
710 2013 911 2069 quadam
938 2013 1179 2069 gravitate,
1211 2028 1292 2056 nec
1321 2014 1535 2069 dignatur
1563 2028 1639 2056 eos
1667 2013 1796 2056 suavi
1824 2018 1870 2056 et
1898 2013 2017 2056 dulci
2035 2027 2071 2055 25

320 2082 528 2138 alloquio,
566 2088 618 2125 ut
654 2084 714 2126 ad
749 2098 794 2126 se
831 2083 1042 2133 alliceret,
1081 2085 1159 2126 sed
1194 2084 1341 2134 minis,
1380 2084 1641 2134 terroribus,
1682 2084 1887 2133 vinculis,
1925 2097 2019 2126 car-

321 2153 494 2195 ceribus
525 2154 692 2197 alienat
724 2169 799 2197 eos
831 2169 857 2197 a
889 2169 935 2197 se
967 2159 1013 2197 et
1045 2169 1072 2197 a
1103 2155 1203 2197 fide.
1240 2167 1278 2197 2.
1314 2155 1485 2198 Didicit
1517 2169 1545 2198 a
1575 2159 1750 2197 rectore
1784 2154 2021 2211 magnifiee

321 2223 536 2274 incedere,
562 2225 615 2267 in‘
632 2239 765 2268 curru
790 2230 912 2268 tecto
938 2230 1136 2281 quatuor
1159 2226 1286 2282 equis
1310 2226 1494 2268 vehitur
1517 2230 1562 2269 et
1588 2239 1614 2279 3
1640 2226 1712 2268 vel
1735 2239 1763 2281 4
1787 2225 2020 2268 libertinos

323 2294 495 2350 equites
521 2310 673 2338 secum
699 2296 850 2347 sumit,
876 2311 980 2339 cum
1012 2297 1072 2339 ad
1100 2296 1297 2353 aliquem
1324 2312 1493 2353 pagum
1519 2296 1748 2353 egreditur
1774 2301 1819 2339 et
1846 2296 2022 2339 nullum

323 2378 472 2408 secum
507 2381 561 2408 ex
596 2366 812 2410 fratribus
846 2367 1051 2417 assumit,
1089 2368 1213 2424 quod
1246 2367 1395 2410 nescio
1430 2368 1660 2425 quomodo
1696 2368 1854 2410 deceat
1889 2368 2018 2422 Jesu-
2036 2381 2073 2409 30

325 2435 466 2478 vitam
502 2438 648 2480 adhuc
685 2438 1039 2481 seminovicium.
1078 2452 1117 2492 3.
1156 2438 1305 2488 Domi,
1343 2453 1415 2481 me
1450 2453 1532 2481 nec
1566 2438 1613 2480 in
1648 2437 2020 2481 administrandis

327 2508 628 2557 sacramentis,
659 2523 739 2551 nec
767 2509 812 2551 in
841 2508 1080 2552 visitandis
1107 2509 1296 2551 infirmis
1323 2509 1466 2552 iuvat.
1499 2509 1625 2552 Foris
1652 2509 1792 2552 etiam
1820 2508 1866 2550 in
1894 2508 2021 2551 festis

327 2581 583 2619 sanctorum
619 2579 708 2621 fere
743 2594 978 2636 nunquam
1021 2580 1325 2622 concionatur.
1378 2581 1432 2622 In
1474 2579 1710 2623 dominicis
1744 2579 1884 2622 etiam
1918 2594 2019 2622 raro

328 2649 371 2686 et
398 2650 505 2688 tunc
530 2649 713 2691 mallent
740 2665 843 2693 eum
868 2650 1013 2693 coloni
1038 2651 1205 2700 abesse,
1233 2665 1372 2707 quam
1398 2651 1553 2694 adesse
1575 2665 1582 2693 :
1613 2653 1658 2692 1⁰
1681 2650 1789 2706 quia
1816 2664 1897 2692 nec
1922 2664 2019 2706 gra-

329 2715 453 2763 tiam,
480 2731 559 2758 nec
584 2719 804 2773 spiritum,
831 2735 912 2763 nec
938 2721 1191 2764 doctrinam
1215 2722 1354 2764 habet
1383 2721 1430 2763 in
1463 2720 1770 2764 concionando
1790 2733 1801 2772 ;
1842 2723 1889 2763 20
1913 2721 2020 2776 quia
2035 2735 2071 2762 35

329 2785 512 2827 mallent
553 2789 703 2842 potius
743 2791 835 2833 eius
875 2791 1087 2834 concione
1139 2806 1300 2841 carere,
1356 2806 1495 2848 quam
1534 2806 1638 2834 eum
1677 2805 1781 2833 cum
1821 2796 2020 2847 quatuor

329 2855 455 2911 equis
482 2862 525 2898 et
553 2872 579 2911 4
607 2864 685 2900 aut
714 2871 737 2912 5
767 2861 946 2904 famulis
973 2863 1118 2913 alere;
1149 2863 1413 2904 subtrahere
1441 2862 1637 2904 familiae
1664 2866 1709 2903 et
1737 2861 1839 2903 filiis
1866 2861 2019 2904 cibum

330 2930 374 2967 et
404 2927 509 2968 dare
537 2928 610 2969 illi.
642 2929 701 2970 Et
731 2931 813 2973 hoc
842 2938 908 2974 est
938 2932 1199 2982 mirabilius,
1231 2933 1354 2989 quod
1381 2932 1456 2975 illa
1484 2931 1767 2975 crudelitatis
1795 2932 2015 2988 exempla,

330 3010 445 3051 quae
471 2998 592 3052 prius
616 2998 804 3054 ipsemet
830 3002 875 3044 in
900 3008 1072 3046 rectore
1097 3003 1361 3052 damnabat,
1389 3017 1508 3045 nunc
1533 3002 1628 3058 ipse
1653 3017 1835 3058 quoque
1860 3003 2020 3045 eadem

330 3066 436 3108 facit
473 3072 517 3109 et
554 3068 716 3123 peiora.
753 3072 869 3114 Tota
904 3074 987 3115 hae
1023 3073 1368 3130 quadragesima
1417 3088 1474 3116 ne
1525 3073 1661 3116 semel
1712 3073 1897 3129 quidem
1948 3077 2016 3115 est
2034 3089 2071 3117 40

163 3146 246 3172 Decz-
272 3154 314 3178 ²5·
329 3137 632 3180 concionatus.
683 3140 736 3181 In
779 3142 988 3185 omnibus
1020 3145 1047 3186 6
1080 3144 1206 3200 pagis
1239 3143 1405 3187 nostris
1437 3144 1496 3186 ad
1529 3143 1697 3186 festum
1732 3143 2017 3192 Nativitatis,
