2188 3535
130 197 224 233 1579
253 186 336 231 jun.
377 187 437 230 10]
895 186 970 221 No.
1007 199 1052 224 22
1773 194 1820 237 69

129 304 378 359 (indignum
418 304 536 359 licet)
583 304 812 360 suscipias,
858 306 1086 355 exaudias,
1138 307 1434 364 precibusque
1484 308 1578 351 eius
1628 323 1817 352 annuas.

124 375 309 425 Domus,
329 389 468 430 quam
483 374 712 418 Celsitudo
729 376 820 418 Sua
834 377 964 419 nobis
981 378 1242 432 assignavit,
1261 379 1540 434 amplissima
1552 384 1634 423 est.
1655 380 1823 423 Census

122 446 273 494 annui,
319 446 355 487 si
384 446 477 488 iam
508 447 725 500 assignati
757 460 847 490 non
880 448 1120 497 sufficient,
1163 453 1324 504 parata
1358 453 1425 492 est
1457 450 1687 493 Celsitudo
1732 452 1822 494 Sua

122 515 274 558 omnia
301 515 466 571 largiri.
504 515 728 572 Deinceps
763 516 826 559 mi
862 512 940 560 Rde
975 519 1123 567 Pater,
1168 518 1204 561 si
1232 520 1435 562 exauditi
1466 535 1558 563 non
1585 520 1818 570 fuerimus,

75 606 92 633 5
121 586 268 628 nescio
297 586 408 642 quid
437 586 587 629 dicam
616 587 751 636 aliud,
783 601 923 644 quam
951 602 1032 630 nos
1054 588 1100 630 in
1122 603 1258 633 causa
1293 604 1400 640 esse,
1432 591 1469 633 si
1489 591 1820 647 Transylvania

120 656 330 712 religione
350 657 596 700 christiana
617 657 811 701 excidat.
838 658 1028 701 Interim
1051 659 1278 703 Celsitudo
1314 661 1407 705 Sua
1427 676 1499 704 me
1520 662 1592 704 hic
1614 662 1816 712 retinuit,

120 727 229 770 dum
252 728 300 770 P.
324 728 448 770 Tuae
480 728 755 771 sententiam
778 730 1094 785 praestolatur.
1129 730 1217 773 Sed
1241 735 1286 773 et
1312 731 1419 787 ipse,
1444 736 1495 773 ut
1519 732 1661 782 decet,
1686 747 1817 788 para-

119 802 193 840 tus
217 812 319 840 sum
346 799 393 842 P.
421 799 547 841 Tuae
571 798 618 842 in
643 799 854 842 omnibus
879 800 1022 843 filium
1051 801 1339 844 obedientem
1368 807 1610 858 praestare.
1630 804 1817 847 Confido

119 873 274 911 tamen
314 869 361 911 in
402 869 579 912 Christo
613 871 722 925 Jesu
765 875 810 913 et
847 871 895 913 P.
932 871 1056 913 Tuae
1096 872 1349 922 clementia,
1387 887 1459 916 me
1494 873 1635 916 socios
1670 874 1816 930 primo

73 954 297 996 10quoque
328 944 534 996 tempore
565 940 637 982 hic
669 941 887 983 visurum.
922 942 1082 984 Valeat
1116 944 1169 984 R.
1205 943 1462 986 Paternitas
1496 944 1607 987 Tua.

229 1011 372 1053 Albae
405 1011 569 1065 Juliae‚
603 1012 709 1054 VII.
746 1012 855 1054 Idus
886 1012 1065 1068 Aprilis.
1113 1014 1246 1056 Anno
1280 1024 1404 1069 1579.

231 1075 328 1124 Rd³⁰
359 1082 658 1125 Paternitatis
688 1083 812 1125 Tuae

985 1153 1103 1196 filius
1141 1158 1186 1196 et
1225 1167 1380 1196 servus
1420 1154 1758 1209 indignissimus

1081 1224 1282 1278 Joannes
1314 1224 1511 1268 Lelesius
1540 1239 1654 1281 mpr.

69 1334 102 1362 15
394 1326 585 1368 (Eredeti,
613 1325 836 1370 sajeitkezfi,
866 1336 890 1360 a
919 1324 1215 1369 Jezsuita-rend
1241 1324 1546 1369 leveltaraban.)

929 1442 999 1486 22.

550 1552 943 1600 Kohzsmonostor,
979 1563 1091 1607 1579
1122 1551 1280 1607 junius
1312 1563 1381 1595 Io.

239 1659 285 1699 P.
304 1658 461 1699 Leleszi
479 1659 611 1710 Janos
634 1660 678 1699 P.
699 1659 935 1698 Mercurian
954 1659 1173 1698 Eberhard
1190 1658 1692 1710 jezsuita-generalisnak.

233 1751 260 1790 I
261 1754 460 1793 smbtelten
477 1753 660 1792 tcirsakat
679 1753 759 1792 ker.
781 1754 843 1792 ΑΖ·
862 1753 1037 1792 emberek
1056 1766 1147 1792 nem
1167 1752 1348 1804 gyz'ilo'lik
1368 1765 1391 1790 a
1411 1751 1641 1791 katholikus
1661 1753 1817 1791 valla‘sz‘.

66 1829 100 1856 20
110 1813 245 1853 deid
275 1813 448 1852 Ferencz
479 1813 713 1852 eliteiltetese.
748 1813 901 1852 Leleszz'
933 1812 1145 1851 mz'ikodefse
1178 1813 1217 1851 ἐς
1250 1811 1405 1850 lmtcisa.

226 1907 323 1962 Jhs.
347 1906 610 1949 Reverende
643 1906 892 1949 admodum
925 1905 971 1948 in
1004 1905 1181 1949 Christo
1214 1906 1362 1948 Pater.
1399 1905 1495 1947 Pax
1528 1904 1692 1948 Christi
1728 1909 1815 1946 etc.

225 1978 446 2033 Tempore
474 1977 876 2034 quadragesimalis
902 1976 1055 2019 i2iunii
1082 1976 1141 2019 ad
1167 1977 1215 2019 P.
1244 1977 1391 2018 Tuam
1419 1975 1631 2018 dederam
1657 1975 1813 2017 literas

114 2048 168 2090 de
212 2048 491 2091 instituendo
537 2047 584 2090 in
632 2048 962 2103 Transylvania
1007 2046 1226 2102 collegio.l
1274 2048 1560 2102 Responsum
1607 2045 1811 2087 nondum

114 2120 276 2175 accepi.
296 2119 509 2174 Princeps
527 2118 864 2161 Illustrissimus
880 2118 926 2161 in
943 2118 1036 2161 dies
1053 2118 1210 2160 fervet.
1231 2118 1362 2159 Nunc
1379 2116 1504 2160 dedit
1521 2116 1580 2158 ad
1596 2117 1644 2158 P.
1664 2116 1812 2158 Tuam

66 2190 168 2236 25de
187 2191 272 2232 hac
293 2205 339 2232 re
359 2190 527 2238 literas,
551 2194 602 2231 ut
625 2189 796 2245 coeptis
818 2188 912 2232 eius
933 2188 1127 2231 consiliis
1150 2188 1303 2230 faveat
1337 2192 1382 2229 et
1411 2186 1522 2229 mihi
1543 2186 1685 2228 socios
1707 2187 1811 2228 sub-

113 2260 283 2304 mittat.
307 2262 406 2303 Hoc
429 2265 474 2303 et
497 2274 579 2315 ego
602 2261 650 2303 P.
674 2261 821 2302 Tuam
843 2274 964 2315 rogo,
989 2260 1282 2314 obtestorque
1304 2271 1383 2313 per
1398 2258 1557 2312 Jesum
1580 2256 1809 2299 Christum

112 2345 166 2373 ne
199 2332 450 2374 desolatam
482 2331 600 2373 hanc
634 2330 833 2386 patriam
866 2330 1076 2386 negligat.
1129 2329 1371 2371 Succurrat
1406 2325 1664 2369 Paternitas
1696 2326 1809 2369 Tua.

113 2402 208 2444 Nisi
229 2403 349 2445 enim
372 2401 611 2445 Societatis
634 2406 816 2443 nostrae
840 2401 968 2443 labor
991 2400 1062 2443 hic
1088 2398 1292 2446 desudet,
1320 2402 1475 2440 actum
1498 2396 1553 2438 de
1574 2396 1658 2438 hac
1682 2401 1814 2452 parte

113 2472 456 2515 christianitatis
490 2477 572 2514 est.
611 2471 765 2514 Iuvari
800 2470 1010 2513 facillime
1044 2473 1209 2525 potest.
1247 2467 1384 2511 Pauci
1420 2467 1541 2509 enim
1575 2471 1696 2515 sunt,
1734 2467 1814 2522 qui

67 2544 382 2587 aocatholicam
421 2542 682 2598 religionem
728 2542 1025 2589 detestentur,
1068 2539 1270 2582 maxima
1309 2551 1413 2594 pars
1449 2551 1541 2580 non
1582 2537 1810 2580 abhorret.

115 2613 200 2656 Sed
229 2619 274 2657 et
306 2614 342 2657 si
373 2614 451 2671 qui
483 2614 666 2656 fuerunt
700 2612 1003 2660 innovatores,
1036 2610 1106 2652 his
1137 2610 1295 2652 diebus
1325 2608 1480 2664 ingens
1517 2607 1602 2649 illis
1634 2607 1814 2650 frenum

113 2683 328 2727 iniectum
351 2690 432 2734 est,
458 2684 624 2727 iudicio
648 2682 874 2726 Francisci
897 2681 1086 2724 Davidis
1109 2679 1303 2736 publico,
1328 2680 1400 2722 cui
1424 2683 1470 2721 et
1491 2678 1587 2734 ipse
1610 2678 1812 2720 interfui.

116 2755 365 2799 Historiam
394 2755 547 2798 iudicii
576 2754 646 2797 his
675 2753 815 2796 literis
845 2753 1123 2796 annectam.2
1153 2751 1266 2794 Cum
1295 2749 1380 2792 sim
1409 2749 1542 2797 solus,
1575 2748 1667 2791 iam
1697 2748 1813 2791 duas

115 2826 318 2869 ecclesias
337 2827 482 2868 habeo
504 2824 798 2881 Claudiopoli,
818 2822 1140 2880 pulcherrimas
1155 2826 1200 2863 et
1217 2820 1531 2876 amplissimas,
1556 2821 1811 2874 Utramque

68 2912 103 2939 35
118 2896 325 2939 monachi
362 2896 646 2952 possiderant
685 2895 806 2944 olim,
848 2894 926 2937 sed
963 2907 1102 2935 unam
1143 2892 1304 2935 civitas
1341 2891 1440 2946 ipsa
1477 2904 1531 2932 ex
1570 2890 1811 2933 voluntate

117 2962 209 3008 Illmi
259 2967 472 3023 principis
537 2966 751 3009 restituit.
822 2965 1063 3007 Habentur
1127 2962 1362 3005 conciones
1413 2960 1598 3016 singulis
1650 2960 1810 3002 diebus

117 3036 349 3080 dominicis
388 3043 433 3080 et
475 3037 615 3086 festis,
658 3036 869 3092 profestis
910 3039 1064 3077 autem
1104 3033 1241 3075 semel
1281 3036 1465 3076 tantum
1504 3031 1723 3073 hactenus
1763 3029 1811 3071 in

242 3150 257 3172 ²
284 3151 491 3186 Kozoltfik
524 3150 658 3184 elobbi
685 3149 943 3184 iratunkban.
1027 3147 1039 3168 ²
1069 3146 1225 3191 Sajnos,
1255 3145 1342 3180 mar
1369 3145 1481 3179 nincs
1510 3143 1702 3177 mellette.
