2188 3535
197 207 298 251 1580
326 205 450 249 szept.
484 202 651 250 kozepe]
965 204 1040 238 No.
1073 214 1118 248 41
1822 215 1893 250 109

1012 376 1083 420 41.

527 473 894 529 [Gyulajejeirvcin
929 476 1043 528 1580
1075 476 1328 531 szeptember
1359 476 1524 532 ko'zepe.
1529 479 1557 530 J

248 581 293 620 P.
325 578 479 631 Wujek
508 578 650 631 Jakab
679 577 823 619 rektor
850 581 1073 632 egyezsege
1104 581 1297 633 Bathory
1327 582 1492 621 Kristof
1521 578 1837 633 fejedelemmel.

321 674 572 714 Pontonkint
590 674 794 725 felsorolja
815 676 955 714 azokat
974 690 998 714 a
1019 677 1258 726 selte'teleket‚
1286 677 1436 728 melyek
1457 674 1601 716 mellett
1629 690 1653 716 a
1674 676 1895 715 kolozsvciri

142 747 163 773 5
192 734 310 785 ἑρᾶίὂ
337 732 554 785 Ιεοίἰὲἕίανη
580 731 792 785 ἑρίίΙεεΖέεί
817 735 1075 774 munkdlatai
1101 736 1346 787 selugyelete‘t
1372 736 1586 787 elva'llalja.

318 829 452 886 Quod
498 830 558 872 ad
592 824 688 872 Illmi
720 830 935 886 principis
983 831 1220 874 consilium
1254 831 1436 881 attinet,
1474 845 1564 888 quo
1599 830 1711 873 mihi
1745 835 1895 872 totam

195 914 352 943 curam
394 900 631 943 universae
663 901 859 943 fabricae
902 902 1117 952 urbanae,
1150 907 1248 945 tam
1277 902 1547 951 scholarum,
1580 915 1719 958 quam
1750 900 1896 943 nostri

196 971 369 1026 collegii
391 971 527 1013 vellet
562 971 872 1014 committere:
911 972 1096 1015 tametsi
1130 973 1277 1015 multa
1310 977 1567 1021 occurrunt,
1605 986 1722 1028 quae
1744 986 1831 1024 ,me
1870 985 1897 1013 a

197 1046 329 1084 tanto
359 1056 543 1084 munere
572 1042 822 1091 subeundo,
854 1057 945 1085 non
973 1043 1200 1086 immerito
1229 1043 1472 1091 deterrent,
1504 1056 1608 1084 cum
1636 1033 1894 1098 neque'lin-

148 1124 184 1151 ιο
198 1127 334 1168 guam
375 1112 638 1167 ungaricam
679 1118 874 1162 teneam,
917 1128 998 1156 nec
1039 1113 1189 1156 adhuc
1230 1113 1276 1155 in
1317 1113 1505 1155 civitate
1547 1126 1771 1161 maneam,
1814 1126 1895 1154 nec

198 1183 312 1225 fidos
334 1183 501 1225 laboris
524 1183 666 1225 socios
689 1184 883 1226 habeam
903 1189 948 1226 et
978 1198 1081 1226 cum
1105 1184 1241 1226 variis
1263 1183 1523 1225 hominibus
1545 1196 1763 1237 magnum
1786 1181 1897 1224 mihi

199 1253 432 1309 negotium
458 1254 551 1295 fore
576 1253 881 1309 praevideam,
900 1259 1070 1304 tamen,
1094 1259 1146 1295 ut
1169 1268 1284 1309 opus
1307 1253 1458 1309 ipsum
1483 1257 1616 1295 tanto
1641 1252 1827 1294 celerius
1854 1257 1899 1294 et

201 1324 373 1366 minore
412 1328 600 1379 sumptu
639 1338 691 1366 ac
717 1324 926 1366 molestia
954 1319 1050 1366 Illmi
1075 1324 1290 1380 principis
1317 1324 1597 1372 absolvatur,
1628 1336 1719 1364 non
1746 1336 1901 1364 recuso

201 1395 416 1443 laborem,
448 1394 569 1436 hisce
601 1394 968 1436 conditionibus:

151 1477 188 1505 15
319 1477 356 1507 1.
391 1464 633 1519 Imprimis,
653 1469 705 1505 ut
726 1464 955 1507 Celsitudo
981 1465 1072 1507 Sua
1096 1464 1437 1521 quamprimum
1461 1468 1688 1506 trecentos
1713 1463 1904 1505 florenos

202 1535 247 1576 in
278 1539 489 1590 sumptus
520 1534 712 1576 aedificii
744 1535 975 1591 sequentis
1007 1535 1115 1577 anni
1146 1535 1206 1577 ad
1236 1549 1308 1577 me
1339 1535 1513 1584 mittat,
1547 1539 1598 1575 ut
1631 1533 1904 1589 tempestive

201 1605 423 1661 lapicidae
459 1605 788 1655 conducantur,
841 1606 920 1662 qui
956 1605 1162 1662 lapidum
1198 1605 1378 1661 copiam
1414 1609 1702 1661 praeparent,
1742 1604 1904 1646 deinde

201 1681 253 1718 ut
282 1691 362 1732 per
388 1672 594 1718 hiemem*
613 1676 659 1718 in
687 1677 809 1718 bona
837 1677 913 1719 via
940 1677 1128 1732 lapides,
1159 1681 1419 1719 cementum
1448 1681 1493 1718 et
1522 1676 1644 1731 ligna
1673 1690 1754 1731 pro
1784 1674 1903 1717 aedi-

201 1747 302 1790 ficio
329 1747 485 1789 futuro
511 1747 840 1790 convehantur.

152 1829 191 1857 20
320 1830 359 1860 2.
393 1818 458 1861 Ut
508 1817 738 1860 Celsitudo
783 1819 874 1861 Sua
923 1819 1092 1861 calcem
1141 1818 1441 1861 necessariam
1491 1816 1696 1859 aedificio
1748 1816 1903 1858 futuro

203 1888 385 1931 abunde
411 1888 688 1944 suppeditet,
719 1889 774 1931 de
802 1903 894 1946 qua
922 1889 1193 1931 advehenda
1220 1889 1331 1931 scire
1359 1903 1584 1944 cuperem,
1615 1901 1673 1930 an
1702 1887 1906 1929 curribus

201 1959 504 2014 undecunque
552 1959 803 2009 conductis,
857 1974 916 2002 an
952 1975 1059 2002 vero
1095 1974 1121 2002 a
1155 1960 1352 2002 subditis
1387 1960 1504 2002 Suae
1540 1953 1682 2001 Celsnis
1715 1957 1907 2000 convehi

204 2030 382 2072 debeat.
414 2029 643 2081 Similiter,
664 2044 723 2072 an
751 2030 873 2086 ligna
904 2031 1051 2073 omnis
1081 2031 1254 2086 generis
1286 2045 1367 2086 pro
1400 2030 1607 2072 trabibus
1639 2034 1684 2071 et
1716 2028 1849 2071 tectis
1881 2042 1908 2070 a

204 2101 296 2143 Sua
337 2100 471 2142 Celsne
509 2101 794 2150 habebimus,
838 2101 1040 2158 itemque
1089 2115 1271 2152 asseres,
1315 2106 1360 2143 et
1401 2100 1536 2149 unde,
1580 2114 1729 2156 quove
1770 2097 1906 2141 modo

154 2182 193 2211 25
205 2171 296 2213 sint
324 2171 594 2214 advehendi.

324 2254 362 2295 3.
398 2243 459 2284 Et
482 2241 589 2297 quia
610 2242 696 2284 nisi
717 2256 799 2284 nos
820 2242 906 2298 ipsi
928 2242 1269 2299 quamprimum
1290 2242 1429 2283 simus
1450 2241 1497 2282 in
1518 2240 1720 2289 civitate,
1746 2253 1908 2294 parum

208 2312 326 2354 circa
349 2312 555 2354 aedificia
578 2317 809 2368 praestare
833 2327 1088 2369 possumus,
1114 2312 1216 2354 ideo
1240 2311 1543 2354 necessarium
1566 2315 1634 2352 est
1659 2309 1799 2352 etiam
1822 2310 1908 2351 hoc

207 2397 327 2425 anno
356 2382 433 2424 illa
461 2383 686 2438 perficere,
718 2397 835 2439 quae
864 2383 1014 2425 adhuc
1042 2383 1089 2424 in
1118 2382 1395 2425 monasterio
1424 2385 1531 2423 sunt
1561 2379 1825 2429 necessaria,
1855 2383 1908 2421 ut

208 2453 367 2496 statim
385 2453 530 2509 primo
548 2468 651 2495 vere
674 2453 904 2509 sequentis
927 2454 1034 2496 anni
1056 2454 1102 2494 in
1125 2452 1361 2496 civitatem
1384 2452 1535 2494 venire
1558 2456 1603 2493 et
1626 2450 1689 2493 ibi
1711 2464 1908 2492 commo-

157 2535 196 2562 30
209 2524 309 2566 dius
343 2523 496 2566 omnia
530 2523 848 2566 administrare
883 2524 1119 2579 possimus.
1151 2525 1299 2579 Quare
1334 2522 1512 2577 indigeo
1546 2535 1667 2563 nunc
1702 2520 1908 2577 pecunia,

209 2599 260 2636 ut
292 2594 465 2650 reliqua
494 2608 598 2650 pars
620 2594 792 2649 collegii
814 2594 1042 2636 scandulis
1063 2594 1309 2648 integatur,
1332 2592 1498 2635 camini
1519 2593 1910 2648 hypocaustorum

210 2665 372 2707 saltem
403 2665 641 2720 paululum
673 2664 939 2714 educantur,
973 2669 1139 2720 puteus
1171 2668 1216 2705 et
1248 2663 1360 2706 cella
1390 2663 1567 2705 vinaria
1598 2666 1907 2718 praeparetur,

210 2739 263 2776 ut
297 2735 471 2791 aliquot
504 2750 615 2778 vasa
648 2736 743 2778 vini
776 2750 832 2778 ex
863 2735 985 2777 hisce
1018 2734 1258 2777 vindemiis
1291 2734 1338 2775 in
1370 2733 1608 2776 civitatem
1640 2733 1907 2775 inferantur.

213 2806 332 2847 Item
362 2810 415 2848 ut
446 2820 526 2862 per
555 2806 751 2848 hiemem
781 2806 954 2848 vitreae
986 2805 1225 2855 fenestrae,
1274 2804 1390 2847 fores
1421 2804 1678 2847 scholarum
1709 2808 1755 2846 et
1787 2802 1910 2845 cubi-

161 2887 200 2914 35
212 2876 430 2926 culorum,
459 2891 641 2919 mensae
668 2882 713 2919 et
740 2875 1001 2918 huiusmodi
1028 2875 1117 2918 alia
1143 2875 1453 2918 conficiantur.

329 2959 368 3001 4.
418 2948 482 2989 Ut
530 2947 805 2990 auctoritate
854 2941 952 2989 Illmi
997 2945 1211 3002 principis
1273 2945 1508 3001 negotium
1555 2945 1690 2988 detur
1736 2943 1912 2987 civibus

214 3016 387 3072 aliquot
419 3017 823 3073 Claudiopolitanis
854 3016 1101 3066 catholicis,
1133 3020 1185 3058 ut
1215 3030 1287 3058 me
1316 3016 1363 3058 in
1392 3015 1701 3072 conquirenda
1731 3018 1776 3056 et
1807 3027 1911 3056 con-

215 3087 423 3129 vehenda
451 3088 643 3131 materia
675 3093 720 3131 et
749 3088 796 3130 in
826 3086 1131 3131 conducendis
1161 3086 1375 3142 operariis
1405 3100 1542 3143 opera
1571 3091 1616 3129 et
1647 3084 1799 3128 studio
1829 3097 1912 3126 suo

214 3155 449 3200 adiuvent.
