2188 3535
359 182 429 222 164
1121 170 1194 204 No.
1225 173 1271 213 58
1720 169 1832 214 [1581
1869 179 1958 213 aug.
1996 180 2042 204 22

355 296 526 339 celariis
566 299 609 335 et
652 291 889 334 eiiciuntur
930 287 1076 329 foras:
1136 286 1183 328 id
1223 286 1314 329 iam
1356 287 1533 329 duobus
1574 286 1704 329 annis
1747 286 1920 328 factum
1961 292 2041 328 est.

356 369 474 421 Erga
501 376 717 421 pauperes
745 359 866 401 nulla
892 358 938 398 in
965 371 1016 398 eo
1044 362 1234 412 apparet
1262 357 1577 400 misericordia.
1609 358 1669 399 Et
1697 356 1878 399 interim
1905 357 1951 398 in
1977 371 2046 399 res

356 438 505 479 futiles
538 440 581 476 et
615 444 754 474 vanas
787 427 1020 484 profundit
1054 427 1267 482 pecunias
1299 428 1482 484 collegii.

469 507 538 548 Ex
572 503 639 544 his
668 515 744 543 sex
773 499 902 547 villis,
926 511 1040 554 quas
1061 499 1293 548 habemus,
1318 499 1522 542 notarius
1544 498 1780 547 civitatis‚⁶
1802 498 1871 540 vir
1891 499 2045 541 catho-

353 578 475 624 licus,
508 573 749 615 confitetur
778 583 824 611 se
854 583 983 624 posse
1014 569 1130 611 alere
1164 580 1245 624 150
1276 583 1517 626 personas;
1551 569 1630 611 sed
1660 568 2047 625 quemadmodum
2078 576 2095 604 5

353 648 436 688 iste
466 648 618 686 noster
647 645 793 683 rector
822 641 942 682 bona
972 640 1060 682 ista
1090 646 1232 690 curat,
1267 641 1344 683 vix
1375 655 1454 696 pro
1486 651 1539 694 25
1571 640 1826 681 sufficient:
1861 639 2047 695 proinde

352 730 442 758 non
464 714 636 762 dubito,
658 711 767 767 quin
795 711 960 753 iterum
989 711 1198 753 sollicitet
1228 726 1377 767 regem
1406 725 1486 767 pro
1515 710 1645 753 novis
1673 710 1800 766 pagis
1829 716 1874 752 et
1902 711 2048 753 Tuam

353 781 478 835 Rtiam,
528 783 606 826 sed
652 783 697 824 in
744 783 828 823 hac
870 796 915 824 re
950 796 1041 823 non
1075 782 1230 825 credat
1266 783 1305 825 ei
1339 783 1437 825 Tua
1473 782 1762 830 Reverentia,
1801 786 2048 837 antequam

352 856 634 899 visitatorem
661 852 832 896 miserit
860 857 905 894 et
933 866 1013 908 per
1039 866 1143 895 eum
1171 853 1394 896 rationem
1422 854 1480 896 ab
1508 867 1559 895 eo
1588 852 1785 908 exegerit
1813 858 1858 894 et
1887 852 2049 895 certior

353 928 407 970 de
439 925 648 969 omnibus
682 924 829 966 factus
862 923 1010 966 fuerit.
1047 923 1218 979 Singuli
1250 924 1355 980 pagi
1387 929 1602 967 tenentur
1633 923 1721 966 tria
1754 937 1865 966 vasa
1896 923 1990 965 vini
2023 930 2097 965 a10

351 998 480 1040 nobis
532 996 732 1052 accipere
779 994 908 1037 annis
942 994 1127 1050 singulis
1158 1000 1204 1037 et
1239 1009 1291 1037 ea
1325 995 1503 1037 ebibere
1537 1000 1582 1037 et
1617 995 1788 1037 solvere
1823 994 2044 1050 pretium:

351 1069 425 1111 alii
455 1067 625 1110 domini
655 1066 884 1109 communi
914 1066 1059 1122 pretio
1090 1066 1287 1108 currenti
1317 1066 1402 1108 illis
1432 1066 1606 1108 dabant
1637 1065 1743 1108 vina
1786 1065 1901 1108 ista:
1955 1065 2049 1121 ipse

352 1140 489 1195 duplo
540 1138 620 1180 dat
676 1137 820 1193 pretio
859 1142 904 1179 et
942 1137 1047 1179 hinc
1084 1152 1266 1193 quoque
1304 1137 1366 1178 illi
1404 1151 1541 1179 usura
1578 1137 1804 1179 accrescit.
1853 1136 2050 1192 Quidam

349 1226 405 1253 ex
433 1209 601 1266 oppido
628 1209 772 1257 Vista,
803 1208 948 1250 coloni
976 1208 1203 1264 principis,
1234 1208 1280 1250 in
1308 1208 1528 1264 principio
1556 1208 1739 1263 quando
1767 1221 2047 1256 veneramus,

351 1282 643 1324 decreverant
686 1294 713 1322 a
755 1279 884 1322 nobis
929 1285 1081 1335 petere
1124 1279 1478 1328 concionatores,
1524 1279 1603 1321 sed
1644 1284 1803 1335 postea
1845 1278 2052 1321 videntes
2067 1284 2099 1312 1⁵

351 1359 395 1395 et
434 1352 670 1394 audientes
708 1350 935 1392 crudelem
973 1350 1160 1393 modum
1199 1350 1471 1406 procedendi
1508 1350 1639 1399 illius,
1680 1353 1968 1392 retraxerunt
2006 1363 2052 1392 se

351 1429 395 1466 et
439 1423 650 1465 dixerunt
694 1421 871 1464 notario
914 1421 1047 1463 huius
1090 1421 1290 1464 civitatis
1333 1421 1584 1464 catholico:
1632 1421 1856 1463 Nolumus
1897 1435 2051 1463 eorum

351 1495 487 1537 fidem
520 1493 757 1549 suscipere,
792 1507 900 1535 nam
925 1497 970 1534 et
994 1492 1079 1548 ipsi
1111 1507 1202 1535 non
1234 1492 1384 1535 minus
1416 1492 1618 1534 crudeles
1651 1497 1771 1542 sunt,
1806 1505 1945 1548 quarn
1977 1491 2052 1533 alii

349 1565 580 1608 Trinitarii
618 1565 814 1606 fuerunt.

484 1635 653 1691 Auriga
696 1640 850 1678 noster
894 1649 998 1677 cum
1043 1649 1122 1691 per
1166 1635 1367 1691 plateam
1412 1648 1546 1677 curru
1592 1634 1817 1683 transiret,
1865 1633 2100 1689 impegit2⁰

351 1722 468 1750 unus
493 1722 547 1749 ex
572 1706 699 1763 equis
730 1720 837 1748 casu
863 1721 918 1748 ex
943 1706 1199 1762 petulantia
1223 1706 1269 1748 in
1294 1720 1427 1748 axem
1457 1705 1642 1748 alterius
1666 1719 1822 1747 currus
1847 1710 1892 1746 et
1917 1705 2052 1760 paulo

352 1784 454 1835 post
484 1783 692 1821 mortuus
713 1782 794 1820 est.
839 1779 907 1821 De
929 1777 1016 1820 isto
1039 1792 1155 1833 equo
1178 1777 1342 1820 iudicio
1372 1776 1608 1819 contendit
1637 1790 1790 1819 coram
1818 1775 2053 1818 haereticis

354 1850 508 1892 multis
542 1849 700 1891 diebus
719 1862 729 1898 ;
766 1854 1039 1891 monuerunt
1075 1863 1179 1891 eum
1213 1848 1400 1905 quidam
1436 1848 1569 1890 amici
1603 1847 1745 1890 nostri
1779 1847 1926 1889 cives:
1963 1860 2054 1888 non

354 1922 507 1963 decere
531 1922 747 1962 honorem
777 1920 1015 1962 Societatis
1038 1925 1084 1962 et
1107 1920 1202 1962 eius
1225 1933 1477 1975 personam,
1504 1924 1555 1961 ut
1580 1933 1685 1961 curn
1709 1917 1879 1960 famulo
1903 1931 2054 1960 coram

350 1991 584 2034 haereticis
606 1991 662 2033 de
680 2005 739 2040 re,
758 2005 874 2047 quae
895 2005 1002 2033 casu
1025 1991 1227 2046 contigit,
1253 1990 1538 2039 contendere,
1563 1990 1642 2032 sed
1659 1989 1885 2031 neminem
1900 1988 2102 2031 audire25

351 2063 508 2112 voluit,
553 2062 663 2104 nihil
704 2067 860 2104 tamen
901 2067 1080 2118 praeter
1120 2062 1371 2104 irrisionem
1413 2066 1457 2104 et
1500 2060 1799 2117 ignominiam
1839 2058 2052 2102 obtinuit.

353 2135 407 2176 In
449 2134 520 2176 die
563 2133 847 2176 Ascensionis
889 2133 1072 2176 Domini
1115 2133 1260 2189 coegit
1303 2133 1486 2175 colonos
1529 2132 1812 2175 frumentum
1855 2145 1878 2173 e
1921 2131 2055 2173 domo

353 2210 509 2247 nostra
545 2205 604 2247 ad
640 2204 788 2246 forum
825 2204 871 2246 in
909 2204 1147 2247 civitatem
1185 2205 1346 2247 vehere
1383 2209 1428 2246 et
1466 2203 1528 2246 ibi
1566 2203 1788 2246 vendere:
1829 2202 1939 2244 dum
1975 2215 2056 2257 ego

353 2276 399 2317 in
435 2276 605 2332 templo
642 2276 941 2318 concionarer.
985 2276 1039 2317 In
1076 2275 1147 2317 die
1185 2277 1475 2318 Pentecostes
1512 2289 1652 2331 pagos
1688 2287 1843 2316 omnes
1878 2277 2056 2315 nostros

357 2346 451 2389 sine
478 2361 603 2389 sacro
631 2351 676 2389 et
704 2347 798 2388 sine
825 2346 1038 2389 concione
1066 2346 1261 2403 reliquit.
1291 2345 1569 2402 Occupando
1596 2360 1740 2388 unum
1767 2359 1822 2386 ex
1849 2343 2056 2399 patribus
2067 2348 2103 2376 3⁰

360 2418 551 2473 Ungaris
573 2432 677 2460 cum
700 2418 890 2467 infirmo,
917 2417 1056 2460 alium
1080 2417 1126 2459 in
1149 2417 1378 2460 cantando
1398 2431 1538 2466 sacro,
1566 2431 1670 2459 cum
1694 2430 1784 2458 non
1807 2414 2054 2457 defuissent

360 2488 446 2537 alii,
492 2489 568 2544 qui
611 2489 686 2531 illa
728 2489 877 2531 officia
920 2493 1149 2544 praestare
1192 2488 1460 2544 potuissent.
1507 2488 1651 2543 Saepe
1694 2487 1739 2528 in
1782 2485 2056 2528 recreatione

360 2559 471 2600 solet
503 2559 660 2609 dicere,
695 2559 731 2602 si
762 2574 881 2602 anno
913 2559 1119 2616 sequenti
1151 2560 1344 2602 manebo
1376 2559 1462 2608 hic,
1495 2560 1580 2601 hoc
1612 2558 1686 2601 vel
1717 2557 1828 2599 illud
1859 2556 2053 2606 faciam;

361 2629 439 2670 sed
463 2644 551 2671 non
577 2635 701 2685 puto,
729 2631 808 2673 sed
832 2645 923 2673 non
947 2631 1092 2673 credo
1128 2631 1321 2687 Quando
1346 2630 1392 2672 in
1416 2630 1654 2673 civitatem
1679 2642 1760 2670 nos
1785 2627 2053 2676 introduxit,

362 2699 533 2742 nullum
576 2701 722 2743 adhuc
766 2702 1026 2744 cubiculum
1070 2701 1155 2743 fuit
1200 2702 1464 2757 perfectum,
1509 2700 1664 2743 omnia
1706 2699 1804 2741 loca
1846 2697 2103 2740 omnibus-‘3⁵

364 2770 516 2823 pervia
559 2771 768 2822 fucrunt;
815 2773 860 2814 in
903 2773 1071 2828 apertis
1113 2772 1329 2815 cubiculis
1372 2777 1416 2814 et
1460 2771 1577 2813 inter
1621 2770 1775 2812 ruinas
1818 2768 2056 2811 debuimus

364 2840 539 2889 cubare,
576 2842 773 2898 nihilque
813 2857 918 2899 prae
958 2843 1151 2899 strepitu
1191 2848 1235 2885 et
1276 2843 1479 2884 tumultu
1519 2855 1671 2884 mense
1712 2840 1842 2896 quasi
1881 2840 2056 2895 integro

365 2910 543 2952 studere
588 2918 666 2954 aut
712 2913 855 2956 facere
900 2914 1144 2970 potuimus.
1193 2913 1437 2968 Collegium
1483 2913 1659 2955 factum
1705 2917 1771 2953 est
1817 2924 2056 2953 commune

366 2980 658 3024 diversorium
703 2985 911 3028 omnibus
958 2985 1165 3027 Polonis:
1215 2983 1380 3040 quibus
1424 2983 1565 3039 gratis
1611 2982 1764 3025 omnia
1809 2981 2050 3024 donantur.

365 3051 534 3106 Ungari
590 3066 668 3094 nec
696 3055 754 3096 ad
810 3070 890 3098 nos
943 3055 1165 3098 divertere
1221 3054 1404 3103 audent,
1454 3053 1645 3096 scientes
1691 3058 1911 3095 rectorem
1960 3066 2052 3095 non
2066 3057 2100 3085 ⁴⁰

493 3152 507 3172 ⁸
537 3153 753 3189 Kolozsvar
779 3157 881 3191 hites
910 3158 1089 3204 jegyzoje
1117 3157 1241 3191 ekkor
1266 3156 1464 3191 Trausner
1490 3155 1660 3191 Lukacs.
