2188 3535
338 186 412 231 235
1105 178 1179 210 No.
1210 178 1255 221 78
1709 175 1822 220 [1582
1856 176 1940 210 okt.
1979 187 2028 221 19

339 307 442 344 sunt
470 300 620 343 vocati
642 314 650 349 ;
679 300 736 341 ob
762 297 807 339 id
833 297 955 338 Deus
981 308 1160 350 quoque
1187 293 1398 349 operibus
1424 298 1468 336 et
1495 293 1725 336 laboribus
1750 307 1906 336 eorum
1931 307 2022 336 non

341 371 575 414 benedicit.
629 369 671 411 Si
702 369 798 409 Tua
830 364 1100 408 Reverentia
1130 363 1270 406 oculis
1300 378 1477 407 cernere
1507 370 1657 420 posset
1689 364 1825 406 semel
1855 363 2019 419 sylvas,

341 455 481 497 agros,
512 444 688 481 montes
715 436 928 483 vitiferos,
959 439 1103 489 prata,
1133 434 1308 483 fluvios,
1339 435 1533 491 piscinas
1560 440 1604 477 et
1631 435 1825 490 reliquas
1852 448 2022 490 posses-

341 512 495 557 siones,
520 522 632 563 quas
653 507 722 548 hic
744 506 976 552 habemus,
1000 519 1090 546 non
1112 505 1286 554 dubito,
1311 505 1421 562 quin
1443 520 1593 548 secure
1614 510 1658 548 et
1681 519 1783 547 vere
1805 504 2023 547 iudicaret

338 577 696 622 commodissime
713 591 766 617 ex
783 580 851 617 tot
874 575 1015 623 bonis,
1034 575 1127 618 sine
1143 576 1234 618 ulla
1249 576 1510 619 colonorum
1530 576 1783 626 vexatione,
1806 575 2024 618 ducentos
2055 583 2078 611 5

338 651 494 691 fratres
527 647 584 689 ali
620 660 760 702 posse.
797 647 856 687 Et
890 651 1045 687 tamen
1076 647 1281 689 nondum
1313 647 1382 689 his
1414 647 1555 690 nostri
1588 646 1745 689 Poloni
1783 646 2021 695 satiantur,

336 720 411 761 sed
436 718 605 760 audent
631 716 868 759 sollicitare
893 721 937 758 et
963 716 1201 759 molestare
1225 732 1388 773 regem,
1415 723 1467 759 ut
1492 718 1640 773 plures
1664 730 1804 773 pagos
1827 716 2023 772 assignet

335 790 379 831 in
415 788 663 830 maximam
705 792 909 829 nostram
944 791 989 829 et
1026 787 1167 829 totius
1203 788 1441 830 Societatis
1476 788 1786 831 confusionem
1821 793 1866 830 et
1901 787 2024 842 igno-

336 859 532 901 miniam.
566 857 886 912 Assignaverat
914 857 1098 913 quidem
1126 860 1262 900 Pater
1278 859 1497 901 Visitator
1526 859 1687 901 rectori
1717 873 1850 901 suum
1882 858 2025 901 moni-

335 936 490 978 torem,
535 929 613 970 sed
650 928 798 970 nullus
831 942 886 970 ex
920 929 1251 971 consultoribus
1287 943 1391 972 eum
1425 929 1669 986 quicquam
1710 929 1900 978 monuit,
1943 937 2078 971 nec1⁰

336 1005 502 1042 monet.
539 999 727 1055 Experti
759 998 878 1041 enirn
910 1004 1030 1048 sunt,
1055 1000 1178 1055 quod
1200 999 1310 1041 nihil
1342 1002 1622 1056 proficerent,
1657 1000 1834 1043 etiamsi
1866 999 2024 1042 millies

335 1074 583 1119 monerent,
609 1070 686 1112 sed
710 1070 948 1112 crabrones
971 1075 1154 1112 tantum
1179 1070 1435 1113 incitarent.
1463 1072 1581 1113 Nam
1605 1072 1640 1113 si
1665 1073 1712 1113 P.
1739 1071 2022 1120 Odescalcus,

334 1141 402 1183 vir
434 1141 534 1197 pius
566 1147 610 1183 et
643 1141 816 1189 doctus,
852 1141 1071 1196 quamdiu
1103 1141 1174 1183 hic
1207 1141 1444 1184 nobiscum
1477 1142 1577 1191 fuit,
1612 1142 1722 1184 nihil
1755 1142 1878 1198 apud
1922 1156 2026 1184 eum

334 1212 424 1254 suis
446 1211 770 1254 monitionibus
789 1211 963 1254 efficere
985 1212 1150 1267 potuit,
1175 1213 1324 1255 minus
1346 1213 1431 1256 iste
1453 1213 1663 1262 efficeret,
1688 1213 1760 1255 cui
1781 1227 1862 1255 nec
1883 1217 2022 1262 aetas,

335 1297 414 1325 nec
444 1282 601 1338 pietas,
631 1296 711 1324 nec
740 1282 932 1325 eruditio
959 1283 1288 1326 authoritatem
1333 1289 1549 1339 praestat,
1581 1298 1806 1340 quemque
1834 1283 2026 1326 similem
2041 1291 2080 1319 15

335 1353 426 1395 iarn
456 1353 539 1395 sibi
568 1353 613 1395 in
643 1353 909 1396 austeritate
938 1353 984 1395 in
1013 1354 1220 1397 subditos
1249 1354 1354 1397 fecit
1378 1359 1422 1397 et
1445 1360 1684 1411 tamquam
1714 1355 1937 1397 famulum
1966 1354 2025 1397 ad

336 1429 499 1466 nutum
533 1438 665 1466 suum
699 1424 864 1467 servire
898 1425 1030 1480 cogit.

466 1496 702 1537 Praeterea
737 1495 844 1551 quia
885 1497 1021 1538 Pater
1042 1496 1263 1539 Visitator
1294 1502 1567 1553 cognoverat
1600 1511 1705 1540 eum
1736 1496 1814 1539 vix
1846 1501 1916 1539 ter
1945 1500 2026 1539 aut

334 1570 494 1621 quater
533 1565 578 1607 in
630 1580 749 1608 anno
789 1567 1144 1610 consultationes
1182 1568 1406 1617 habuisse,
1450 1568 1763 1616 mandaverat,
1805 1572 1856 1609 ut
1896 1567 2027 1609 iuxta

335 1636 508 1691 regulas
530 1636 714 1692 singulis
735 1638 1033 1680 hebdomadis
1054 1639 1240 1681 haberet
1260 1653 1268 1689 ;
1314 1639 1392 1682 sed
1416 1639 1491 1681 vix
1514 1638 1559 1681 in
1582 1639 1759 1681 duobus
1781 1643 1861 1681 aut
1884 1652 2026 1694 quan-
2040 1648 2078 1675 20

335 1707 481 1762 doque
507 1706 553 1749 in
579 1707 725 1750 tribus
751 1708 981 1751 mensibus
1007 1710 1143 1752 semel
1169 1710 1396 1752 habentur
1422 1715 1466 1752 et
1494 1709 1637 1752 satius
1659 1714 1787 1760 esset,
1829 1713 1880 1751 ut
1904 1708 2027 1751 nulla

334 1778 516 1820 omnino
540 1779 665 1820 fieret
691 1779 795 1822 talis
835 1780 1146 1836 congregatio:
1175 1786 1288 1830 tum,
1307 1781 1430 1837 quod
1454 1795 1554 1824 raro
1578 1794 1660 1829 τες,
1688 1794 1803 1836 quae
1828 1779 2026 1822 maxime

335 1848 664 1892 consultatione
709 1850 973 1907 indigerent,
1018 1857 1347 1908 proponuntur,
1395 1852 1473 1894 sed
1519 1851 1705 1894 frivolae
1751 1856 1935 1893 tantum
1980 1855 2025 1893 et

336 1919 498 1961 nullius
514 1921 733 1963 momenti
751 1936 759 1972 ;
784 1927 885 1964 tum
907 1922 1059 1973 etiam,
1080 1923 1203 1978 quod
1224 1923 1347 1965 nulla
1369 1923 1459 1966 iere
1481 1927 1548 1965 est
1571 1922 1746 1965 utilitas
1767 1920 2026 1964 huiusmodi

334 1990 730 2035 consultationum.
785 1994 905 2035 Nam
957 1993 1134 2036 etiamsi
1187 2008 1342 2036 omnes
1393 1993 1671 2037 contrarium
1723 1992 1941 2036 sentirent
1980 1996 2025 2034 et
2041 2003 2080 2031 25

334 2060 544 2111 dicerent,
597 2062 691 2118 ipse
737 2063 1028 2107 nihilominus
1070 2064 1192 2115 facit,
1229 2065 1353 2121 quod
1399 2065 1483 2107 sibi
1528 2064 1736 2114 videtur;
1783 2070 1828 2107 et
1872 2078 1938 2112 ea,
1971 2065 2026 2106 de

334 2132 495 2187 quibus
546 2134 788 2177 subolfacit
841 2135 950 2178 alios
998 2135 1226 2178 contraria
1277 2135 1493 2185 dicturos,
1541 2150 1680 2192 quam
1725 2135 1820 2191 ipse
1872 2133 2025 2183 sentit,

334 2217 565 2259 nunquam
588 2204 633 2246 in
656 2206 1034 2249 consultationem
1057 2207 1256 2249 adducit.
1283 2207 1416 2263 Quod
1437 2221 1541 2249 cum
1563 2221 1644 2263 ego
1665 2206 1756 2249 iarn
1784 2210 1921 2249 antea
1947 2218 2027 2261 per

335 2273 564 2317 biennium
606 2276 716 2319 satis
753 2282 966 2333 expertus
1000 2292 1156 2327 essem,
1198 2278 1384 2334 deposui
1426 2277 1627 2320 officium
1670 2276 1937 2320 consultoris
1979 2275 2026 2318 in

338 2358 522 2387 manum
542 2346 802 2397 visitatoris,
827 2363 882 2390 ne
904 2348 1082 2404 saepius
1096 2349 1303 2391 inutilem
1318 2349 1542 2392 iacturam
1565 2348 1758 2391 ficerem
1780 2346 1998 2403 temporis
2014 2360 2024 2398 ;
2039 2358 2079 2386 30

337 2413 373 2456 is
398 2414 462 2457 ita
488 2431 559 2459 me
585 2418 643 2459 ab
668 2433 720 2461 eo
746 2433 930 2462 munere
955 2420 1146 2462 liberum
1172 2434 1266 2462 esse
1291 2419 1434 2469 iussit,
1462 2425 1513 2462 ut
1540 2435 1630 2463 non
1656 2433 1834 2475 cogerer
1858 2417 2026 2461 hebdo-

340 2485 483 2528 madis
511 2487 694 2543 singulis
722 2490 1056 2546 congregationi
1085 2490 1311 2540 interesse,
1342 2491 1421 2534 sed
1449 2490 1494 2533 in
1523 2490 1669 2533 causis
1697 2494 1881 2533 tantum
1909 2487 2026 2531 diffi-

338 2553 562 2599 cilioribus
577 2573 680 2602 cum
696 2573 905 2609 vocarer;
931 2561 1109 2617 rogavit
1128 2576 1200 2604 me
1219 2567 1464 2617 praeterea,
1485 2567 1550 2611 ut,
1578 2561 1614 2604 si
1638 2561 1748 2617 quid
1771 2561 1817 2602 in
1840 2558 2025 2614 collegio

338 2625 626 2681 contingeret,
671 2631 913 2674 admonere
953 2633 1099 2675 Tuam
1132 2627 1246 2675 Rtiam
1277 2647 1367 2675 non
1408 2631 1832 2688 praetermitterem,
1879 2629 2024 2685 recepi

342 2708 410 2736 me
435 2695 672 2749 facturum,
697 2703 1083 2757 quemadmodum
1106 2708 1151 2746 et
1175 2703 1304 2752 facio,
1331 2703 1585 2759 faciamque
1608 2702 1829 2757 deinceps,
1854 2700 1889 2743 si
1913 2699 2077 2743 mihias

339 2778 365 2805 a
391 2765 488 2807 Tua
515 2768 785 2814 Reverentia
811 2773 877 2815 ita
903 2773 1037 2816 fuerit
1065 2774 1394 2830 praescriptum
1414 2788 1424 2824 ;
1454 2774 1532 2816 sed
1559 2772 1669 2816 mihi
1695 2772 1824 2828 longe
1850 2771 2023 2827 gratius

338 2840 466 2884 esset,
491 2836 526 2878 si
549 2853 619 2881 me
633 2842 730 2884 Tua
746 2844 1018 2886 Reverentia
1040 2845 1098 2886 ab
1121 2849 1314 2900 utroque
1333 2844 1556 2893 liberaret,
1582 2849 1679 2886 tam
1702 2844 1761 2885 ab
1782 2844 1866 2885 hoc
1889 2856 2022 2885 onere

339 2905 572 2956 scribendi,
597 2924 733 2964 quam
756 2914 814 2955 ab
835 2914 983 2957 officio
1006 2914 1286 2963 consultoris,
1311 2929 1402 2970 quo
1423 2914 1605 2957 liberius
1626 2919 1671 2956 et
1694 2913 1890 2969 quietius
1912 2912 2024 2955 meis

339 2975 626 3021 concionibus
655 2986 699 3022 et
729 2982 907 3026 lectioni
937 2999 1088 3028 sacrae
1118 2985 1366 3041 scripturae
1396 2999 1558 3028 vacare
1587 2984 1768 3041 possim.
1801 2984 1946 3041 Quod,
1970 2988 2022 3025 ut

340 3045 490 3097 faciat,
524 3049 811 3095 vehementer
839 3055 976 3098 etiam
1007 3061 1145 3112 atque
1174 3055 1314 3098 etiam
1343 3069 1462 3112 rogo.
2037 3065 2076 3093 4⁰

456 3118 745 3163 Praecedenti
769 3137 901 3174 anno,
927 3126 1050 3169 nulla
1075 3126 1198 3169 facta
1222 3127 1277 3169 de
1301 3127 1385 3169 hac
1410 3140 1457 3169 re
1481 3125 1826 3176 consultatione,
1853 3139 2024 3168 novum
