2188 3535
373 191 445 216 200
1141 175 1214 210 No.
1242 177 1288 218 65
1717 175 1829 219 [1581
1861 177 1982 220 szept.
2006 183 2049 210 21

372 297 639 354 dignissime,
666 295 786 343 facit,
812 298 863 336 ut
887 292 955 334 tui
978 305 1226 347 nunquam,
1257 291 1395 334 etiam
1419 291 1465 334 in
1487 292 1675 335 summis
1698 292 1809 335 meis
1831 290 2059 335 laboribus

371 374 415 411 et
459 365 830 422 occupationibus
871 362 1074 404 oblivisci
1117 375 1294 418 queam.
1339 363 1556 406 Versatur
1597 363 1717 405 enim
1759 362 1870 405 mihi
1909 361 2057 404 adhuc

371 439 415 480 in
448 436 614 480 recenti
646 433 861 477 memoria
894 437 975 474 tua
1007 432 1265 475 dulcissima
1298 433 1595 484 familiaritas,
1630 431 1938 476 iucundissimi
1969 446 2058 475 ser-

370 520 523 550 mones
554 511 598 547 et
631 505 762 560 plena
794 502 1030 545 charitatis
1062 504 1230 554 verba;
1264 504 1473 547 recordor
1502 518 1629 547 rarae
1661 503 1844 560 pietatis
1875 507 1981 545 tuae
2013 502 2059 545 in

370 575 645 632 Neophitos:
679 587 769 616 non
799 587 900 615 sum
930 573 1154 624 immeror,
1188 589 1326 630 quam
1357 575 1526 617 multas
1556 574 1799 624 molestias,
1831 587 2059 631 quamque
2089 587 2109 615 5

370 648 624 702 frequentes
651 644 840 693 labores,
871 657 953 699 pro
980 650 1136 687 nostra
1163 645 1348 688 natione
1375 646 1567 688 libenter
1594 644 1782 688 subieris
1810 649 1853 687 et
1882 644 2061 687 fortiter

368 715 615 772 pertuleris,
649 728 730 770 pro
761 714 926 770 quibus
956 715 1106 757 nullus
1135 716 1356 759 hactenus
1386 717 1497 760 satis
1528 716 1685 772 dignas
1733 716 1837 772 egit,
1870 715 1949 758 sed
1978 728 2060 757 nec

368 800 494 842 agere
527 785 708 842 poterit,
743 784 940 840 gratias:
977 799 1058 841 ego
1091 790 1247 828 tamen
1280 792 1505 843 quantum
1538 787 1584 829 in
1617 801 1689 829 me
1722 787 1820 836 erit,
1856 785 2060 828 animum

368 858 675 900 demonstrare
729 860 924 912 gratum,
982 856 1106 898 nullo
1162 871 1364 913 unquam
1420 863 1623 913 tempore
1679 856 2057 913 praetermittam.

367 928 430 970 Ut
454 927 590 983 igitur
611 928 722 969 haec
746 932 827 969 tua
850 927 896 968 in
920 941 1006 976 me,
1032 941 1272 983 meamque
1295 933 1476 984 gentem
1500 928 1817 971 benevolentia
1840 932 2110 984 perpetuom

367 1003 719 1047 conservaretur,
752 999 836 1040 hac
868 1003 927 1047 te,
960 997 1030 1040 vir
1059 997 1257 1053 piissime
1287 1003 1426 1055 atque
1457 999 1820 1054 prudentissime,
1853 998 2058 1055 epistola,

367 1069 522 1125 paucis
543 1069 739 1111 salutare
770 1074 814 1111 et
847 1082 996 1111 meam
1028 1083 1132 1124 erga
1160 1074 1205 1111 te
1233 1069 1559 1125 gratitudinem
1588 1070 1813 1113 declarare
1841 1069 1978 1118 volui,
2008 1074 2060 1111 ut

366 1140 634 1196 intelligeres
658 1140 850 1182 eundem
873 1154 1024 1182 meum
1050 1153 1154 1195 erga
1178 1144 1224 1182 te
1248 1140 1465 1190 animum,
1492 1140 1570 1197 qui
1594 1155 1770 1197 semper
1793 1140 1894 1190 fuit,
1921 1139 2061 1182 etiam

366 1211 412 1253 in
455 1211 525 1253 his
567 1210 705 1267 sylvis
748 1210 1113 1267 Transylvanicis
1156 1225 1493 1267 perseverasse;
1539 1216 1584 1254 et
1629 1212 1838 1267 deinceps
1881 1224 2062 1267 quoque

367 1283 463 1324 Deo
497 1281 693 1337 propitio
721 1286 1126 1337 perseveraturum.
2075 1293 2110 1320 15

501 1352 740 1395 Biennium
759 1353 878 1395 enim
897 1353 988 1395 fere
1006 1357 1087 1403 est,
1109 1367 1163 1395 ex
1182 1367 1272 1409 quo
1292 1355 1440 1396 Roma
1455 1367 1482 1396 a
1496 1353 1626 1396 vobis
1641 1353 1925 1396 discessimus
1953 1357 1998 1394 et
2016 1352 2063 1394 in

367 1424 483 1465 hanc
513 1423 747 1466 civitatem
778 1423 1133 1480 Transylvaniae
1163 1438 1189 1466 a
1219 1424 1522 1480 superioribus
1552 1424 1718 1467 nostris
1752 1424 1827 1479 (ad
1856 1424 2062 1480 frequen-

367 1499 461 1536 tem
495 1489 610 1536 Sermi
652 1494 765 1550 regis
807 1494 1020 1538 Poloniae
1054 1500 1098 1537 et
1134 1495 1353 1550 Principis
1385 1495 1740 1552 Transylvaniae
1773 1494 2057 1551 petitionem)

367 1564 489 1607 missi
524 1579 691 1615 sumus,
728 1570 779 1607 ut
813 1565 1009 1608 afflictae
1043 1565 1147 1608 111110
1182 1566 1356 1622 patriae
1391 1571 1436 1608 et
1471 1566 1517 1608 in
1552 1566 1752 1609 diversas
1787 1570 1946 1615 sectas,
1984 1578 2063 1620 per

366 1635 643 1686 Trinitarios,
685 1636 1026 1692 Anabaptistas,
1070 1637 1453 1679 Sacramentarios
1484 1642 1529 1679 et
1562 1638 1858 1686 Lutheranos,
1901 1636 2111 1679 miserezo

367 1706 623 1757 distractae,
648 1712 824 1750 mature
844 1722 977 1763 opem
999 1707 1112 1750 ferre
1132 1722 1310 1751 summa
1329 1708 1468 1750 animi
1489 1708 1778 1750 contentione
1798 1707 2058 1750 niteremur.

366 1778 426 1819 Et
463 1791 568 1820 sane
608 1779 719 1833 (Deo
754 1783 932 1821 nostros
967 1783 1158 1821 conatus
1193 1779 1504 1835 promovente)
1544 1779 1672 1821 labor
1706 1782 1861 1821 noster
1894 1778 1940 1820 in
1975 1778 2061 1820 hoc

370 1862 505 1903 regno
536 1863 626 1891 non
657 1849 742 1891 fuit
774 1864 955 1905 prorsus
986 1850 1172 1892 inutilis,
1205 1851 1325 1893 Nam
1356 1851 1440 1892 hoc
1471 1850 1652 1892 biennio
1684 1849 1879 1905 amplius
1899 1861 1985 1903 400
2006 1862 2061 1891 ex

365 1919 600 1962 haereticis
630 1919 909 1963 diversarum
938 1926 1178 1970 sectarum,
1213 1921 1422 1963 ecclesiae
1452 1920 1700 1963 catholicae
1730 1925 1836 1963 sunt
1865 1919 2060 1962 reconci-

362 1989 460 2031 liati
488 1995 533 2032 et
562 1990 607 2032 in
637 1991 729 2033 dies
758 1992 901 2034 maior
928 2006 1029 2047 spes
1056 1991 1186 2034 nobis
1215 1992 1269 2034 de
1298 1992 1396 2034 aliis
1423 1993 1623 2034 offertur.
2075 2003 2112 2032 25

494 2061 619 2104 Haec
634 2067 753 2111 sunt,
772 2063 952 2105 domine
969 2063 1083 2113 mm,
1102 2077 1218 2119 quae
1234 2077 1353 2105 nunc
1369 2063 1428 2105 ad
1444 2068 1572 2105 tuam
1589 2063 1808 2118 pietatem
1825 2061 2061 2104 scribenda

360 2131 512 2174 habui,
559 2132 762 2175 Misimus
803 2133 1062 2189 Catalogum
1102 2135 1346 2182 lectionum,
1396 2148 1512 2190 quae
1555 2134 1721 2176 iamin
1750 2147 1870 2176 novo
1905 2137 2061 2175 nostro

362 2203 597 2258 gymnasio
630 2204 777 2246 doceri
809 2210 997 2260 coeptae
1030 2207 1171 2247 sunt.1
1203 2205 1325 2260 Opto
1357 2205 1502 2247 Tuam
1536 2205 1603 2247 Ill.
1628 2209 1715 2248 etc.
1745 2208 1866 2246 recte
1895 2203 2057 2246 valere.

496 2274 644 2316 Datae
664 2275 957 2331 Claudiopoli,
977 2290 1000 2318 e
1019 2280 1174 2318 nostro
1192 2275 1389 2332 collegio.
1411 2277 1543 2318 Anno
1561 2290 1588 2318 a
1606 2275 1782 2319 Christo
1800 2278 1910 2317 nato
1932 2274 2057 2327 1581,

371 2344 440 2386 die
469 2358 574 2387 vero
602 2358 669 2388 21.
701 2346 991 2402 Septembris.
2074 2360 2111 2388 30

496 2416 619 2458 Tuae
660 2416 996 2460 Illustrissimae
1037 2417 1350 2460 Dominationi

1127 2488 1463 2531 addictissimus
1494 2493 1539 2531 et
1572 2486 1944 2531 obstrictissimus

1090 2560 1349 2615 Stephanus
1379 2561 1545 2602 Arator
1580 2557 1840 2602 Pannonius
1872 2571 1986 2613 mpr.

493 2662 533 2699 Κ
540 2661 702 2702 iilczime
717 2677 730 2702 .·
752 2664 1038 2704 Illustrissimo
1053 2670 1182 2718 atque
1197 2665 1523 2717 prudentissimo
1538 2665 1628 2704 viro
1643 2664 1878 2704 Guilhelmo
1893 2663 2058 2715 Syrleto

365 2718 764 2817 {zcnrggcffomanae
802 2725 1010 2764 Ecclesiae
1060 2725 1261 2764 cardinali
1297 2725 1567 2776 amplissimo.
1607 2725 1781 2770 Romae,
1818 2723 1860 2761 in
1898 2721 2058 2770 palatio
2073 2733 2110 2761 35

370 2875 560 2917 (Eredeti,
587 2879 807 2923 sajatkezi'i,
835 2882 964 2917 romai
989 2882 1174 2917 vatikani
1200 2882 1403 2928 konyvtar
1424 2882 1518 2918 Vat.
1545 2883 1616 2917 lat.
1645 2882 1757 2917 6180.
1786 2882 1871 2916 kot.
1906 2891 1986 2916 110.
2016 2882 2060 2925 1.)

499 2993 511 3013 ¹
542 2992 610 3033 Ez,
631 2995 777 3038 sajnos,
800 2998 886 3031 mar
906 2999 1017 3034 nincs
1038 3010 1126 3044 meg
1147 2999 1255 3034 sehol
1276 3009 1299 3033 a
1318 2998 1502 3033 vatikani
1522 2998 1783 3033 leveltarban.
