2188 3535
305 243 349 278 82
1065 235 1141 269 No.
1177 237 1225 271 28
1709 235 1829 281 [1580
1856 235 1939 280 jan.
1975 247 1997 272 2

302 359 501 416 poterint
523 358 739 405 sufficere,
762 354 1032 397 viaticorum
1060 352 1326 408 praesertim
1354 367 1436 409 pro
1463 353 1550 396 illis
1577 352 1996 409 persolvendorum,

302 431 379 487 qui
415 444 469 472 ex
504 426 820 471 remotioribus
853 424 962 466 locis
997 437 1088 465 non
1124 423 1218 465 sine
1254 428 1442 480 sumptu
1476 428 1583 466 sunt
1621 423 1710 465 huc
1759 423 1995 474 evocandi,

303 507 353 542 ut
379 499 489 542 nihil
515 498 661 540 dicam
687 496 742 538 de
767 494 891 536 libris
916 493 1132 543 emendis,
1163 494 1326 550 pannis
1351 494 1411 537 ad
1435 499 1599 544 vestes,
1620 493 1721 536 telis
1759 494 1820 536 ad
1844 494 1997 537 dome-

302 571 462 612 sticam
481 566 804 623 supellectilem
823 570 869 607 et
889 564 1026 607 variis
1045 564 1159 614 aliis,
1176 579 1370 621 quorum
1389 579 1475 608 usu
1490 565 1741 620 collegium,
1763 564 1800 606 si
1818 565 1998 607 ordina-

302 647 399 682 tum
432 651 526 681 esse
557 637 736 685 debeat,
769 649 919 678 carere
950 649 1042 677 non
1073 639 1239 691 potest.
2029 649 2049 676 5

414 710 606 752 Doceant
627 712 772 763 patres
798 711 961 762 quanta
985 707 1188 762 pecunia,
1214 707 1329 750 ultra
1352 711 1584 764 proventus
1607 707 1816 755 abbatiae,
1843 707 1900 749 ad
1923 707 1998 749 hos

299 794 405 822 usus
429 779 692 835 requiratur,
714 792 810 820 eam
845 778 1005 820 iubebit
1027 777 1055 819 I
1057 777 1072 819 l
1089 779 1152 797 ”⁸¹⁴⁸
1171 779 1391 834 princeps,
1418 793 1469 820 ex
1490 779 1580 821 loco
1603 778 1754 833 aliquo
1776 778 1996 826 viciniori,

302 851 534 907 quotannis
559 850 621 892 eis
645 853 725 904 pro
750 849 946 892 subsidio
970 849 1235 891 numerari.1

415 921 586 963 Demus
624 923 795 968 autem,
828 933 883 961 ex
913 918 1154 961 frumentis
1191 923 1237 961 et
1275 919 1382 962 vino
1421 933 1551 976 posse
1589 918 1776 976 aliquod
1812 918 1999 974 singulis

298 991 430 1035 annis
450 990 648 1046 emungi,
670 1004 774 1033 cum
796 990 857 1033 ad
883 990 995 1033 talia
1022 989 1318 1033 distrahenda
1345 990 1403 1033 sit
1431 990 1649 1047 temporis
1676 989 1997 1046 opportunitas
2011 1004 2049 1032 10

299 1068 344 1105 et
383 1061 558 1104 occasio
595 1061 895 1117 expectanda,
935 1075 1074 1117 quam
1112 1066 1372 1117 praesentes
1410 1060 1584 1117 collegii
1620 1060 1914 1103 necessitates
1951 1064 1996 1102 et

300 1133 427 1176 varia
451 1132 692 1188 stipendia,
719 1146 835 1189 quae
861 1137 958 1174 tam
983 1132 1279 1187 procuratori,
1307 1146 1446 1189 quam
1471 1132 1571 1174 aliis
1595 1131 1866 1174 officialibus
1890 1136 1997 1173 sunt

300 1203 453 1246 danda
487 1217 616 1259 aegre
651 1203 900 1245 admodum
934 1202 1109 1259 possint
1145 1208 1399 1259 expectare,
1435 1217 1505 1245 res
1539 1202 1813 1245 difficultate
1847 1216 1998 1244 carere

300 1289 390 1317 non
431 1273 627 1323 videtur,
655 1287 794 1330 quam
822 1274 926 1316 Ill¹¹²⁰
949 1274 1140 1330 principi
1177 1279 1514 1330 repraesentare
1551 1274 1701 1316 visum
1738 1278 1820 1316 est.

417 1346 519 1387 Huc
543 1345 732 1394 accedit,
767 1345 890 1400 quod
927 1359 1030 1387 cum
1055 1345 1101 1386 in
1130 1345 1301 1400 templo
1330 1350 1487 1388 nostro
1516 1344 1574 1387 sit
1605 1344 1926 1400 baptisterium
1951 1349 1996 1386 et
2012 1354 2048 1382 15

300 1430 407 1459 cura
426 1415 680 1458 animarum
695 1415 799 1471 pagi
814 1415 945 1465 illius,
970 1415 1048 1472 qui
1067 1420 1134 1458 est
1153 1416 1244 1458 arci
1263 1416 1532 1458 coniunctus
1557 1420 1601 1458 et
1621 1420 1778 1458 nostra
1796 1415 1998 1458 Societas

300 1500 391 1528 non
417 1486 632 1542 suscipiat
658 1500 713 1529 ex
739 1500 820 1528 suo
845 1486 1059 1528 instituto
1085 1487 1346 1529 immediate
1372 1487 1628 1529 animarum
1653 1501 1823 1536 curam,
1866 1491 1919 1528 ut
1945 1499 1997 1528 eo

301 1557 521 1599 intentius
560 1556 658 1599 aliis
696 1556 955 1599 ministeriis
994 1571 1085 1598 non
1125 1557 1274 1600 minus
1313 1557 1586 1613 reipublicae
1624 1557 1814 1599 utilibus
1853 1556 1996 1613 possit

301 1641 476 1677 vacare,
502 1627 685 1670 videtur
712 1628 1044 1683 providendum
1070 1628 1125 1670 de
1149 1628 1301 1684 aliquo
1325 1628 1575 1684 presbitero
1599 1627 1830 1677 saeculari,
1857 1627 1936 1684 qui
1961 1627 1998 1669 si

301 1698 514 1741 abbatiae
534 1698 792 1754 sumptibus
817 1700 883 1754 (ut
904 1698 1087 1740 videtur
1106 1700 1318 1754 aequum)
1343 1699 1427 1741 erit
1448 1698 1789 1748 sustentandus,
1812 1703 1996 1741 tantum
2012 1711 2049 1739 20

302 1774 434 1811 erunt
469 1769 682 1811 abbatiae
716 1769 920 1811 redditus
954 1770 1291 1812 contractiores.

418 1840 512 1883 Hoc
537 1841 734 1895 patribus
762 1841 1005 1882 curandum
1031 1841 1306 1896 relinquitur.

419 1922 457 1952 2.
492 1910 666 1966 Operae
710 1910 906 1966 pretium
951 1910 1045 1952 iore
1079 1911 1275 1961 videtur,
1307 1916 1360 1953 ut
1392 1912 1511 1954 Ulmus
1549 1911 1758 1967 princeps
1788 1910 1995 1953 consulat

302 1986 560 2023 nostrorum
581 1980 898 2030 incolumitati,
922 1981 1023 2037 paci
1045 1995 1096 2023 ac
1119 1982 1275 2037 quieti,
1299 1996 1381 2024 nec
1402 1982 1642 2038 permittat
1667 1981 1905 2024 haereticis
1930 1981 1996 2024 ita

302 2056 461 2093 contra
492 2057 670 2093 nostros
702 2051 983 2102 debacchari,
1008 2057 1105 2094 tam
1136 2067 1191 2095 ex
1223 2058 1451 2108 suggestu,
1482 2068 1621 2110 quam
1652 2052 1844 2109 scriptis,
1878 2052 2046 2094 sicut25

303 2121 393 2164 iam
427 2123 647 2164 hactenus
680 2123 739 2164 ab
770 2123 856 2165 illis
890 2123 1170 2179 Claudiopoli
1204 2124 1377 2166 factum
1411 2139 1566 2167 sumus
1599 2124 1787 2180 experti.

417 2194 599 2236 Publico
623 2195 755 2236 edicto
779 2195 937 2237 cavebit
961 2195 988 2236 I
990 2195 1084 2236 Μ’ηαδ
1105 2196 1310 2251 princeps
1334 2210 1386 2238 ne
1410 2197 1485 2239 hoc
1508 2197 1702 2251 amplius
1724 2195 1814 2248 fiat.

419 2276 456 2317 3.
492 2264 659 2306 Scirem
696 2264 902 2315 libenter,
932 2265 1043 2321 quid
1079 2266 1247 2321 possim
1284 2271 1407 2308 certo
1444 2262 1515 2309 Mti
1550 2267 1697 2322 regiae
1733 2266 1789 2308 de
1840 2266 1996 2307 futura

301 2334 598 2377 universitate
631 2335 1026 2391 Claudiopolitana
1061 2337 1259 2392 polliceri
1300 2342 1345 2379 et
1394 2338 1578 2394 quando
1627 2338 1731 2380 Illma
1765 2336 1996 2380 Celsitudo

301 2405 390 2447 Sua
421 2410 551 2461 putet
583 2412 762 2448 nostros
793 2421 923 2462 posse
954 2407 1188 2449 transferri
1218 2408 1278 2450 ad
1308 2409 1557 2451 civitatem.
2009 2418 2046 2445 30

413 2477 653 2532 Appetente
679 2479 826 2520 statirn
850 2492 955 2526 vere,
983 2484 1030 2521 ut
1054 2480 1252 2534 primurn
1275 2484 1444 2535 tempus
1470 2480 1767 2532 aedificationi
1791 2480 1996 2522 idoneum

299 2549 554 2601 apparuerit
604 2553 713 2603 opus
762 2550 881 2591 istud
925 2549 1049 2591 Ill''²¹‘s
1082 2551 1288 2605 princeps
1323 2552 1503 2606 aggredi
1537 2551 1710 2599 iubebit,
1752 2551 1865 2606 quod
1899 2550 1995 2591 sine

298 2617 387 2658 ulla
416 2619 736 2661 intermissione
767 2621 1106 2670 continuabitur,
1138 2621 1268 2663 donec
1299 2623 1356 2663 ad
1385 2622 1518 2673 finem
1547 2623 1721 2664 tandem
1749 2621 1990 2663 deducetur.

413 2700 452 2741 4.
478 2689 683 2743 Rogatur
705 2690 796 2732 Sua
818 2690 1046 2732 Celsitudo
1070 2691 1174 2733 Illma
1194 2705 1250 2733 ne
1275 2697 1461 2748 propter
1498 2692 1752 2734 scholarum
1787 2689 1993 2732 aedificia

297 2762 554 2800 nostrorum
597 2773 700 2802 area
743 2766 968 2816 quantum
1011 2761 1105 2803 fieri
1148 2766 1299 2817 potest
1342 2763 1654 2818 restringatur.
1688 2763 1834 2805 Locus
1872 2760 2044 2802 enim35

298 2828 575 2879 monasterii,
604 2835 699 2872 tam
730 2845 784 2873 ex
811 2836 942 2887 parte
969 2832 1195 2882 ecclesiae,
1223 2847 1362 2888 quam
1389 2847 1444 2875 ex
1472 2838 1602 2889 parte
1628 2832 1747 2875 muri
1773 2830 1990 2880 civitatis,

296 2898 513 2940 obscurus
536 2899 782 2943 admodum
805 2907 850 2944 et
875 2902 1184 2945 tenebricosus
1207 2908 1289 2952 est,
1315 2903 1438 2945 omni
1462 2918 1644 2959 prorsus
1666 2903 1764 2945 luce
1788 2907 1833 2944 et
1857 2915 1991 2944 even-

296 2968 471 3010 tatione
502 2983 670 3019 carenS,
703 2972 836 3014 unica
867 2973 962 3015 sola
993 2987 1112 3028 pars,
1135 2988 1252 3029 quae
1277 2973 1455 3016 futuras
1486 2974 1661 3016 scholas
1692 2973 1888 3029 respicit,
1921 2977 1990 3014 est

294 3038 381 3080 luci
398 3052 451 3080 ac
466 3039 557 3081 aeri
572 3041 792 3095 exposita,
808 3043 854 3084 in
870 3057 962 3099 qua
978 3049 1108 3100 parte
1123 3048 1351 3100 oporteret
1371 3044 1563 3101 relinqui
1576 3045 1725 3086 locum
1738 3043 1990 3100 spatiosum

424 3141 437 3161 ¹
465 3139 605 3175 Utana
641 3140 728 3176 mas
761 3144 893 3178 kezzel
930 3145 1041 3179 irva:
1082 3146 1205 3180 Petiti
1245 3150 1342 3181 sunt
1381 3150 1544 3182 eentum
1578 3148 1694 3182 ‘caleri
1724 3157 1796 3192 pro
1826 3146 1991 3191 singulis

304 3199 498 3243 personis,
525 3199 708 3234 omnibus
733 3201 1041 3237 difficultatibus
1067 3202 1167 3238 bene
1198 3203 1295 3239 111mo
1317 3204 1485 3250 principi
1511 3205 1733 3250 explicatis.
2142 3192 2158 3266 'l
