2188 3535
329 207 375 252 56
1082 196 1156 230 No.
1196 206 1236 241 15
1722 196 1839 242 [1576
1869 195 1954 230 okt.
1994 207 2007 231 1

442 320 655 364 Memoria
699 324 847 360 tenere
884 313 1078 357 arbitror
1119 313 1264 355 Tuam
1308 313 1443 355 Ill¹¹²³¹¹²
1482 313 1865 362 Dominationem,
1897 326 2007 368 quo-

328 406 433 434 nam
478 396 611 447 pacto
663 389 799 430 frater
855 386 977 427 Tuae
1037 383 1156 424 Illmnae
1211 383 1545 426 Dominationis
1589 388 1798 440 coeperat
1843 382 2006 425 nostris

329 461 541 504 fratribus
569 458 799 512 collegium
829 454 1076 501 aedificare,
1107 453 1254 509 primo
1282 453 1329 496 in
1358 454 1554 510 Somlyo,
1586 454 1746 497 deinde
1775 452 2003 502 Varadjni,

328 538 377 573 ut
410 531 470 572 ibi
503 541 696 571 essemus
728 526 811 567 sub
847 523 1127 579 protectione
1158 524 1281 566 Tuae
1327 525 1446 566 Illmae
1488 524 1847 572 Dominationis;
1882 523 2006 579 quod

328 600 568 655 negotium,
591 610 731 651 usque
752 595 798 636 in
818 595 934 636 hanc
954 594 1114 636 horam
1136 594 1271 636 variis
1292 595 1438 637 modis
1459 595 1545 637 fuit
1567 595 1849 650 impeditum.
1873 594 2005 636 Anno
2038 604 2056 631 5

327 669 524 726 proxime
558 667 707 722 elapso
740 664 1006 720 promiserat
1040 665 1131 708 Sua
1163 665 1376 708 Maiestas
1410 665 1564 721 Regia,
1608 666 1668 708 ad
1701 665 1867 707 festum
1900 663 2007 706 Divi

174 748 239 786 Apr.
265 762 307 783 2⁴.
325 738 498 793 Georgii
516 751 560 779 se
575 736 796 778 Viennam
811 749 892 790 pro
907 734 1036 777 nobis
1051 734 1293 778 missurum
1312 750 1320 786 ;
1341 735 1420 778 sed
1435 736 1543 793 quia
1561 740 1807 791 antequam
1826 739 2006 790 tempus

325 809 432 851 illud
463 806 694 850 adveniret
729 805 1044 854 constitutum,
1080 806 1248 848 electus
1280 810 1348 848 est
1381 806 1427 848 in
1459 820 1609 862 regem
1643 805 1867 854 Poloniae,
1902 804 2006 847 inde

325 880 493 921 factum
512 882 593 926 est,
613 881 664 918 ut
683 890 763 918 nec
781 875 962 918 mittere
979 880 1130 930 posset
1149 890 1229 931 pro
1247 876 1390 926 nobis,
1410 891 1490 918 nec
1509 877 1712 925 scribere,
1733 875 1873 918 immo
1892 875 2007 918 forte

323 963 400 991 nec
434 947 655 990 recordari
688 947 746 989 ob
784 946 951 988 multas
984 950 1029 988 et
1063 959 1222 1001 graves
1255 947 1585 1002 occupationes.
1623 947 1754 989 Nunc
1788 960 1891 1002 ergo
1924 959 2005 1001 ego
2024 959 2059 987 ιο

324 1020 469 1062 adhuc
490 1033 590 1061 sum
612 1020 797 1066 Romae,
813 1016 971 1072 reliqui
992 1021 1157 1072 patres,
1175 1016 1253 1072 qui
1274 1022 1402 1059 erant
1423 1017 1530 1059 ituri
1550 1017 1596 1059 in
1615 1015 2006 1072 Transylvaniam,

323 1094 586 1145 exspectant
623 1089 835 1131 Viennae.
886 1088 1034 1143 Quam
1063 1087 1121 1129 ob
1149 1101 1244 1130 rem
1284 1088 1431 1130 Tuam
1475 1088 1611 1130 Illmam
1641 1087 2010 1130 Dominationem

324 1161 613 1202 vehementer
640 1159 777 1201 etiam
806 1163 944 1213 atque
972 1157 1111 1200 etiam
1139 1172 1259 1214 rogo,
1291 1158 1501 1214 dignetur
1527 1159 1615 1201 huc
1644 1158 1690 1200 in
1719 1158 1878 1200 urbem
1905 1156 2009 1200 scri-

324 1232 426 1273 bere
457 1231 515 1273 ad
545 1230 850 1286 praepositum
881 1229 1133 1284 generalem
1162 1228 1305 1271 nostri
1335 1229 1516 1279 ordinis,
1549 1229 1867 1272 Eberhardum
1897 1228 2010 1270 Mer-

324 1301 558 1343 curianuni
588 1306 632 1343 et
664 1300 702 1342 ei
733 1299 992 1355 significare,
1040 1298 1152 1355 quid
1180 1299 1310 1342 nobis
1340 1299 1398 1342 sit
1430 1299 1702 1349 faciendum,
1735 1313 1827 1356 qua
1861 1298 1937 1341 via
1966 1302 2011 1341 et
2026 1308 2061 1336 1⁵

325 1371 506 1427 quando
551 1371 610 1413 ad
652 1372 797 1413 Tuam
861 1371 995 1412 Ill¹¹¹²³m
1026 1370 1397 1413 Dominationem
1441 1370 1727 1413 veniendum.
1776 1370 2011 1413 Commen-

325 1443 476 1484 darem
499 1443 583 1484 hoc
605 1441 834 1497 negotium
857 1441 1060 1497 pluribus
1081 1441 1230 1484 verbis
1257 1442 1380 1484 Tuae
1413 1441 1533 1484 Ι11’ΜΒ
1564 1440 1889 1490 Dominationi,
1926 1439 2010 1482 nisi

325 1513 481 1555 scirem
511 1513 569 1554 ob
597 1513 741 1554 zelum
769 1512 872 1554 fidei
901 1511 1149 1555 catholicae
1177 1526 1257 1568 per
1284 1526 1330 1555 se
1359 1526 1453 1554 esse
1482 1511 1592 1555 satis
1640 1511 2011 1554 commendatum

325 1588 368 1625 et
390 1583 473 1625 nisi
494 1588 652 1625 notum
673 1583 782 1625 mihi
810 1587 938 1632 esset,
961 1587 1135 1639 quanto
1155 1582 1373 1626 desiderio
1393 1583 1596 1639 pluribus
1616 1582 1746 1626 annis
1777 1583 1875 1625 Tua
1908 1581 2011 1623 Illma

325 1653 586 1695 Dominatio
635 1658 839 1696 nostrum
874 1653 920 1695 in
949 1653 1326 1709 Transylvaniam
1369 1653 1620 1696 adventum
1664 1651 2009 1709 exspectaverit.
2027 1665 2064 1692 20

326 1724 511 1775 Literas,
538 1738 650 1780 quas
680 1725 778 1766 Tua
802 1724 905 1766 111Πὶὃ
929 1724 1192 1768 Dominatio
1219 1724 1459 1780 scripserit,
1486 1724 1632 1767 tutius
1657 1738 1737 1780 per
1761 1722 2010 1772 Poloniam,

325 1808 462 1850 quam
485 1809 563 1849 per
585 1795 864 1850 Hungariam
887 1795 1041 1838 mittet
1062 1810 1068 1839 :
1094 1795 1213 1838 illinc
1230 1795 1350 1838 enim
1365 1795 1550 1851 singulis
1571 1794 1802 1838 mensibus
1823 1793 2013 1837 veniunt

325 1879 524 1907 cursores
563 1867 770 1908 Romam.
805 1866 1025 1921 Quamvis
1063 1880 1215 1909 secure
1246 1870 1398 1922 posset
1428 1871 1474 1909 et
1493 1866 1717 1909 Viennam
1747 1865 1807 1908 ad
1835 1869 2014 1921 patrem

327 1936 619 1978 Laurentium
640 1936 837 1991 Magium
858 1937 1051 1980 mittere.
1090 1937 1254 1992 Scripsi
1274 1937 1329 1979 de
1348 1937 1433 1979 hac
1453 1951 1499 1979 re
1519 1941 1564 1980 et
1584 1937 1644 1979 ad
1662 1935 2014 1979 invictissimum

326 2020 473 2061 regem
509 2007 732 2056 Poloniae,
771 2007 1005 2050 dominum
1041 2008 1324 2063 Stephanum
1360 2008 1654 2057 Bathoreum,
1692 2011 1745 2049 ut
1780 2005 2065 2062 negotiumzz»
2179 2022 2183 2080 Ι

326 2076 447 2118 istud
468 2077 589 2119 Tuae
613 2078 730 2119 Illmae
761 2078 1072 2121 Dominationi
1094 2078 1446 2128 commendaret,
1471 2078 1594 2135 quod
1614 2092 1706 2120 non
1728 2076 1888 2120 dubito
1911 2090 2015 2119 eum

328 2147 552 2189 facturum
571 2162 652 2203 pro
671 2148 814 2191 salute
834 2153 878 2191 et
897 2163 1049 2192 amore
1065 2149 1251 2205 patriae.
1271 2150 1428 2192 Servet
1444 2150 1519 2198 Te,
1537 2149 1744 2205 princeps
1760 2148 1875 2198 Illum,
1893 2148 2016 2190 Deus
2175 2081 2183 2252 θ

325 2218 523 2273 optimus
555 2219 779 2261 maximus
817 2219 946 2262 nobis
975 2225 1020 2262 et
1056 2219 1264 2263 ecclesiae
1299 2234 1406 2262 suae
1441 2219 1693 2262 diutissime
1726 2219 2011 2261 incolumem.
2175 2256 2178 2277 ὲ

440 2289 586 2331 Datae
614 2291 788 2332 Romae
814 2304 837 2333 e
865 2290 1219 2333 Poenitentiaria
1244 2290 1464 2334 Basilicae
1491 2290 1645 2334 Sancti
1673 2289 1808 2339 Petri,
1838 2303 1958 2333 anno
1985 2302 2012 2330 a
2174 2283 2178 2338 ξ

326 2363 458 2413 partu
484 2360 678 2415 Virginis
706 2361 829 2416 1576.
863 2361 1081 2404 Kalendis
1111 2361 1356 2404 Octobris.2
2029 2372 2068 2400 30

919 2432 1176 2488 Stephanus
1206 2434 1373 2475 Arator
1410 2432 1683 2481 Pannonius,

608 2502 812 2545 sacerdos
838 2502 1077 2546 Societatis
1103 2505 1213 2560 Jesu
1240 2508 1284 2545 et
1311 2503 1686 2559 poenitentiarius
1711 2501 2013 2558 Apostolicus.

2165 2689 2169 2715 ι

434 2602 672 2642 Kiclczime:
717 2605 816 2644 Illm0
858 2607 948 2647 viro
991 2608 1175 2648 Domino
1217 2607 1520 2660 Christophoro
1561 2607 1788 2653 Bathoreo,
1837 2604 2020 2658 principi

329 2660 674 2711 Transylvaniae.

460 2879 473 2900 ²
501 2880 637 2915 Elotte
662 2883 749 2928 meg
772 2895 815 2918 ez
840 2896 863 2919 a
887 2886 994 2921 kelet
1017 2898 1123 2922 van:
1152 2887 1283 2922 Pridie
1306 2887 1397 2921 idus
1422 2886 1667 2932 Septembris
1688 2899 1697 2926 ;
1721 2886 1770 2920 de
1795 2897 1842 2920 az
1865 2884 2020 2920 elobbit

332 2938 525 2982 fogadjuk
544 2940 579 2973 el
599 2941 870 2987 veglegesnek,
892 2956 915 2979 a
935 2946 1002 2986 mi,
1024 2947 1105 2992 sigy
1123 2946 1282 2986 latszik,
1303 2957 1327 2980 a
1345 2945 1595 2992 szeptember
1620 2945 1734 2980 12-en
1754 2944 1898 2990 megirt
1917 2943 2020 2979 level

332 2751 533 2796 (Egykoru
560 2753 743 2795 masolat‚
769 2756 895 2792 romai
918 2757 1104 2792 vatikani
1127 2757 1332 2803 konyvtar
1356 2757 1449 2792 Vat.
1475 2758 1546 2792 lat.
1566 2758 1678 2802 6205.
1694 2757 1733 2792 k.
1753 2758 1959 2801 158—159.
1973 2755 2069 2799 l.)35

330 2996 530 3031 elkiildese
563 2998 706 3043 napjat
736 3019 786 3025 —
817 3011 834 3035 s
865 3013 887 3036 e
918 3003 1065 3038 szerint
1096 3004 1231 3050 helyes
1263 3004 1392 3038 keltet
1422 3023 1473 3028 —
1503 3003 1606 3048 jelzi.
2156 2769 2167 3049 Ι
