2188 3535
132 230 220 274 1376
240 228 362 272 szept.
392 227 452 271 13]
881 224 956 259 No.
992 234 1036 268 14
1764 234 1812 268 39

127 344 174 386 in
196 343 484 387 Demetrium.
508 341 629 398 Quid
650 341 900 392 absurdius,
918 357 1057 399 quarn
1080 355 1235 384 omnes
1256 341 1338 384 hos
1359 340 1666 384 sanctissimos
1688 340 1807 396 prin-

131 414 246 470 cipes
265 419 310 456 et
332 427 468 469 reges,
491 412 740 455 haereticos
762 413 1000 468 appellare,
1026 416 1265 470 propterea
1285 411 1409 468 quod
1429 425 1533 454 cum
1554 410 1809 453 infidelibus

130 483 370 528 amicitiam
388 488 433 526 et
453 483 716 526 societatem
734 480 947 527 inierint?
975 482 1178 526 Audiant
1202 497 1305 538 ergo
1330 486 1375 525 et
1400 481 1577 525 discant
1602 495 1692 524 non
1716 495 1810 524 esse

130 553 307 597 omnino
333 553 588 597 christianis
613 553 905 609 prohibitum,
950 554 1108 596 foedus
1132 553 1178 595 in
1203 552 1470 596 necessitate
1495 566 1598 595 cum
1623 550 1811 608 paganis

78 639 95 666 5
129 625 237 667 inire
264 624 540 680 (praesertim
563 623 600 666 si
621 624 804 666 licentia
826 624 1051 679 pontificis
1074 623 1340 677 accesserit),
1365 628 1417 665 ut
1441 623 1645 679 quietam
1667 622 1812 665 vitam

128 699 278 751 agant,
300 703 350 736 ut
369 709 524 737 eorum
544 694 712 737 auxilio
732 695 790 737 ab
809 694 906 737 aliis
925 695 1179 737 infidelibus
1198 693 1494 737 schismaticis
1512 698 1557 736 et
1576 693 1813 736 haereticis

127 765 438 815 defendantur,
495 765 744 807 dummodo
799 779 953 807 eorum
1007 779 1143 821 opera
1183 765 1398 807 adversus
1439 763 1683 807 catholicos
1722 777 1813 805 non

127 840 329 884 utantur,
375 850 454 879 nec
496 850 551 878 ex
594 835 674 878 tali
716 836 1110 879 confoederatione
1152 849 1409 891 progressus
1450 839 1495 877 et
1537 833 1814 890 praedicatio

126 905 344 962 evangelii
376 906 663 962 impediatur,
694 920 774 949 nec
794 906 879 948 illis
899 906 1146 955 consilium,
1171 905 1388 948 auxilium
1409 909 1488 948 aut
1509 909 1814 947 commeatum

79 992 113 1019 10
127 981 285 1019 contra
307 976 575 1020 christianos
598 977 860 1032 praebeant.
887 978 999 1020 Cum
1023 991 1126 1033 ergo
1150 975 1465 1019 Serenissimus
1488 989 1579 1024 rex,
1606 975 1816 1017 dominus

131 1047 387 1104 Stephanus
413 1047 680 1097 Bathoreus,
709 1062 789 1090 nec
816 1047 1063 1096 consilium,
1091 1061 1172 1090 nec
1200 1046 1430 1094 auxilium,
1459 1060 1540 1088 nec
1566 1059 1706 1094 arma,
1734 1059 1815 1087 nec

127 1123 432 1161 commeatum
484 1118 640 1161 Turcis
702 1118 875 1160 dederit
927 1117 973 1160 in
1026 1117 1267 1174 perniciem
1318 1116 1679 1163 christianorum,
1732 1129 1812 1157 nec

129 1188 536 1244 promulgationem
568 1188 672 1231 fidei
705 1189 952 1232 catholicae
984 1187 1283 1244 impediverit,
1335 1187 1425 1228 imo
1458 1185 1734 1241 promoverit
1767 1190 1812 1227 et

127 1259 302 1301 auxerit
344 1259 606 1314 plurimum,
650 1258 944 1315 opprimendo
986 1263 1031 1302 et
1073 1256 1415 1301 exterminando
1456 1257 1689 1306 haereses;
1732 1269 1813 1298 nec

75 1341 108 1368 15
128 1329 267 1385 copiis
297 1344 451 1372 eorum
481 1334 639 1372 contra
667 1330 819 1372 fideles
849 1343 955 1372 usus
985 1328 1133 1372 fuerit.
1157 1328 1278 1384 Quid
1307 1327 1407 1370 dico
1436 1330 1596 1369 contra
1623 1325 1809 1369 fideles?

128 1400 240 1442 Cum
272 1400 410 1443 etiam
443 1404 601 1442 contra
632 1399 824 1455 impium
856 1400 1120 1448 Valachum,
1154 1399 1408 1454 Gasparum
1440 1396 1682 1439 Bekesium
1714 1411 1814 1453 pro-

127 1470 320 1512 ditorem
379 1470 745 1526 Transylvaniae‚
807 1475 1137 1526 persecutorem
1196 1468 1404 1512 ecclesiae
1463 1466 1711 1510 catholicae
1769 1472 1814 1510 et

128 1540 489 1596 impugnatorem
524 1540 842 1583 Sanctissimae
875 1540 1124 1589 Trinitatis,
1158 1540 1278 1582 ultro
1312 1539 1370 1582 ab
1402 1538 1672 1594 imperatore
1705 1538 1815 1581 Tur-

129 1625 283 1654 carum
321 1611 498 1654 oblatas
536 1611 688 1666 copias
725 1616 770 1653 et
809 1616 1022 1667 paratum
1059 1610 1307 1654 exercitum
1345 1609 1546 1665 accipere
1584 1608 1810 1652 noluerit?

79 1696 114 1724 20
130 1682 240 1724 Cum
270 1686 426 1724 tamen
456 1681 672 1724 adversus
701 1681 959 1724 huiusmodi
989 1681 1218 1737 perditum
1247 1679 1476 1724 hominem
1506 1679 1629 1722 omni
1658 1693 1816 1734 genere

130 1751 296 1801 auxilii,
336 1751 571 1808 quibusvis
608 1752 760 1808 copiis,
799 1753 893 1795 iure
930 1752 999 1794 uti
1036 1756 1231 1809 poterat.
1272 1750 1360 1794 Sed
1396 1764 1488 1793 non
1524 1750 1734 1805 ignorans
1771 1765 1817 1793 se

127 1822 293 1866 iustam
309 1828 353 1865 et
383 1823 550 1866 bonam
581 1823 746 1866 habere
770 1837 966 1872 causam,
985 1828 1030 1866 et
1052 1837 1143 1866 non
1165 1827 1261 1865 tam
1285 1836 1427 1871 suam,
1455 1835 1593 1878 quam
1620 1820 1704 1864 Dei
1727 1821 1817 1877 glo-

128 1893 240 1936 riam
271 1899 316 1936 et
346 1894 562 1936 honorem
593 1908 890 1950 propugnare,
941 1908 1094 1937 secure
1125 1908 1170 1936 se
1202 1893 1382 1936 divinae
1413 1891 1638 1935 commisit
1669 1892 1817 1947 provi-

130 1964 321 2014 dentiae,
359 1969 404 2006 et
439 1979 463 2007 e
498 1965 620 2007 coelo
655 1965 816 2007 maluit
852 1964 1072 2007 auxilium
1107 1969 1359 2019 expectare,
1397 1977 1535 2020 quam
1570 1963 1818 2006 exercitum

81 2048 259 2081 25suum
295 2049 398 2077 cum
433 2035 621 2091 paganis
662 2035 881 2078 militibus
929 2036 1113 2079 miscere
1149 2040 1194 2078 et
1231 2049 1356 2091 spem
1392 2048 1520 2077 suam
1556 2033 1602 2076 in
1637 2032 1818 2089 perfidis

129 2105 385 2149 hominibus
426 2106 655 2155 collocare,
700 2121 944 2163 eorumque
986 2106 1153 2150 auxilio
1196 2105 1250 2148 de
1290 2104 1481 2148 inimicis
1523 2103 1814 2159 triumphare.

136 2176 281 2231 Quam
316 2177 375 2218 ob
409 2191 503 2220 rem
538 2181 583 2219 et
619 2176 775 2220 divina
804 2177 985 2220 bonitas
1013 2178 1209 2220 celebres
1229 2180 1276 2219 et
1298 2175 1546 2231 stupendas
1568 2174 1680 2217 duas
1701 2174 1741 2218 ei
1763 2174 1818 2217 de

132 2246 318 2289 Bekesio
354 2247 567 2290 victorias
602 2248 833 2291 concessit.
873 2248 1094 2291 Desinant
1129 2247 1267 2303 igitur
1301 2246 1505 2288 homines
1540 2244 1737 2300 imperiti
1772 2243 1817 2286 id

131 2316 241 2360 vitio
271 2318 386 2360 Suae
419 2313 490 2360 Mti
530 2323 717 2368 vertere,
750 2319 874 2374 quod
902 2318 948 2360 in
979 2319 1076 2361 aliis
1104 2318 1283 2373 regibus
1323 2314 1556 2359 catholicis
1586 2315 1657 2357 vel
1685 2313 1819 2357 inviti

83 2407 118 2435 30
133 2388 319 2443 probare
339 2394 574 2444 coguntur.
598 2389 686 2431 Sed
705 2389 812 2445 quia
832 2389 941 2432 satis
961 2389 1071 2432 mihi
1090 2389 1237 2431 multa
1256 2388 1396 2430 verba
1415 2385 1569 2429 fecisse
1589 2385 1745 2428 videor
1764 2384 1819 2427 de

130 2457 339 2514 singulari
395 2460 519 2502 Tuae
563 2454 647 2501 Mtis
687 2459 733 2501 in
777 2461 924 2502 Deum
969 2460 1154 2515 pietate,
1200 2457 1563 2512 sufficienterque
1607 2456 1819 2511 probasse

130 2528 272 2572 Tuam
327 2528 434 2572 Mtem
487 2544 664 2585 semper
718 2529 937 2573 sinceram
980 2529 1116 2572 fidem
1159 2527 1430 2571 catholicam
1473 2531 1518 2569 et
1561 2525 1818 2581 religionem

132 2599 328 2649 coluisse,
352 2601 614 2643 observasse
636 2605 681 2642 et
704 2614 808 2643 cum
830 2600 953 2643 vitae
975 2600 1114 2643 etiam
1136 2599 1332 2655 periculo
1365 2596 1630 2646 defendisse,
1661 2600 1816 2647 restat,

132 2673 183 2711 ut
208 2670 262 2712 de
288 2671 542 2714 admirabili
568 2670 744 2713 iustitia
770 2676 852 2713 tua
877 2671 1117 2713 dicendum
1144 2684 1238 2712 esse
1263 2669 1486 2711 videatur.

86 2760 120 2787 35
247 2741 372 2784 Inter
395 2756 551 2784 omnes
575 2741 769 2784 virtutes
794 2741 991 2784 maxime
1015 2741 1198 2797 propria
1221 2739 1403 2783 videtur
1426 2738 1605 2794 regibus
1645 2737 1820 2780 iustitia

134 2816 315 2866 propter
336 2812 678 2855 multitudinem
701 2812 1001 2861 subditorum,
1026 2811 1191 2868 quibus
1212 2810 1280 2853 ius
1302 2809 1616 2853 administrare
1639 2812 1820 2864 oportet

134 2884 178 2922 et
200 2882 258 2923 ob
280 2881 590 2926 diversitatem
614 2897 665 2925 ac
689 2882 1007 2925 difficultatem
1039 2881 1373 2938 quaestionum,
1411 2894 1527 2937 quae
1560 2879 1619 2922 ad
1650 2878 1819 2934 regium

135 2950 330 2995 tribunal
355 2953 630 2996 deseruntur.
659 2953 807 2996 Huius
832 2953 1086 3009 praeclarae
1110 2951 1295 2994 virtutis
1336 2965 1502 3002 amore3
1541 2953 1820 3006 quantopere

134 3020 231 3064 Tua
258 3021 471 3067 Maiestas
502 3025 672 3073 ardeat,
694 3038 786 3066 non
816 3022 1077 3080 vulgaribus
1108 3022 1294 3065 diversis
1324 3021 1370 3064 in
1400 3021 1507 3064 locis
1543 3018 1819 3075 argumentis

88 3091 369 3136 wmanifeste
401 3094 636 3138 delaravit.
674 3095 793 3138 Nam
828 3099 873 3137 et
908 3094 954 3136 in
987 3092 1318 3149 Transylvania
1350 3090 1545 3135 mirabili
1578 3088 1821 3146 prudentia

138 3162 392 3208 turbatores
416 3165 539 3221 regni
564 3170 610 3208 et
636 3164 760 3221 pacis
787 3164 1029 3207 iustissime
1060 3163 1283 3207 sustulisti
1303 3168 1348 3206 et
1370 3162 1609 3205 turbatum
1633 3173 1820 3216 regnum
