2188 3535
119 229 214 274 1576
233 228 356 273 szept.
386 227 445 272 13]
877 227 951 261 No.
990 237 1032 270 14
1758 234 1805 268 43

111 345 321 402 quisnam
351 343 549 386 maxime
579 343 768 386 idoneus
799 344 933 394 foret,
966 343 1099 386 multi
1131 343 1407 392 dubitarent,
1440 342 1552 399 quid
1581 342 1807 398 optimum

112 419 240 464 esset,
257 413 402 464 multi,
427 414 538 470 quid
557 413 642 456 sibi
658 415 906 470 expediret,
925 414 1070 463 multi,
1089 413 1200 470 quid
1220 414 1410 463 deceret,
1429 413 1633 456 nonnulli
1651 412 1804 460 etiam,

112 485 223 541 quid
242 483 407 534 liceret,
430 485 704 541 plenumque
726 490 842 527 esset
864 500 1052 541 regnum
1071 483 1396 533 sollicitudinis,
1415 484 1599 540 plenum
1617 482 1803 533 timoris,

111 556 157 598 in
177 569 266 612 quo
286 554 396 597 nihil
417 554 750 611 conspiceretur
768 556 888 605 mali,
911 556 1021 598 nihil
1042 555 1231 604 adversi,
1253 555 1376 610 quod
1395 568 1486 596 non
1506 554 1613 596 boni
1634 558 1806 596 metue-

62 641 81 669 5
111 631 224 675 rent,
256 625 450 681 improbi
485 630 814 681 exspectarent,
864 627 1128 668 turbulenta
1157 625 1341 668 consilia
1372 625 1430 667 ad
1460 624 1729 667 seditionem
1760 627 1805 665 et

111 696 239 739 civile
264 696 432 739 bellum
452 695 682 746 inclinata,
707 697 1044 753 periculumque
1067 696 1181 739 foret
1208 710 1299 738 non
1323 695 1575 743 minimum,
1604 709 1660 737 ne
1686 693 1802 736 sicut

111 766 345 822 Hungaria
382 766 502 810 civili
540 767 693 823 potius
733 767 862 816 bello,
905 781 1043 823 quam
1095 771 1281 809 externo
1335 765 1500 808 amissa
1550 769 1632 814 est,
1686 764 1807 806 idem

111 837 389 893 contingeret
423 837 649 880 Poloniae.
689 838 776 881 Hic
809 838 954 880 omnis
987 837 1173 880 tandem
1207 836 1432 878 tumultus
1465 835 1805 891 exspectatione

111 909 233 950 Tuae
260 903 345 950 Mtis
380 913 647 951 attenuatus
687 913 825 964 atque
856 908 1123 950 imminutus
1150 911 1230 956 est,
1261 907 1463 949 adventu
1489 906 1610 948 intra
1636 918 1805 961 paucos

65 989 100 1016 10
111 993 285 1021 menses
301 979 520 1027 sublatus,
543 984 681 1034 atque
697 980 913 1034 sepultus.
942 979 1030 1034 Qui
1052 977 1380 1020 contrariarum
1403 981 1532 1019 erant
1556 975 1809 1018 factionum

112 1049 303 1091 scientes
341 1050 486 1092 Tuam
516 1048 623 1092 Mtem
662 1051 721 1092 ab
762 1049 1067 1092 adolescentia
1094 1048 1242 1091 virum
1271 1047 1514 1089 militarem
1543 1046 1693 1094 fuisse,
1724 1058 1806 1087 nec

111 1118 371 1175 ignorantes
397 1120 784 1176 quemadmodum
811 1120 1053 1162 Bekesium
1075 1122 1331 1166 tractasset,
1359 1117 1617 1159 maluerunt
1645 1121 1808 1171 turpae

113 1190 245 1246 fugae
271 1205 317 1232 se
343 1191 644 1240 committere,
673 1205 812 1246 quam
845 1190 1008 1232 virtuti
1034 1190 1058 1231 B
1083 1184 1118 1209 ‘1³
1151 1189 1275 1230 Tuae
1301 1192 1469 1229 temere
1495 1200 1540 1228 se
1566 1200 1808 1241 opponere.

228 1262 327 1304 Hae
343 1265 448 1303 sunt
466 1261 676 1311 virtutes,
698 1275 776 1303 rex
796 1259 1096 1308 Serenissime,
1119 1259 1283 1315 quibus
1305 1257 1363 1300 ad
1383 1271 1584 1299 summos
1603 1257 1809 1305 honores,

66 1343 99 1371 15
115 1331 174 1374 ad
194 1331 475 1387 principatus
495 1336 540 1374 et
563 1331 621 1374 ad
641 1330 787 1386 regias
808 1331 1052 1386 dignitates
1072 1330 1164 1372 itur
1176 1342 1184 1379 ;
1207 1328 1375 1371 talibus
1391 1328 1490 1370 vult
1512 1341 1606 1369 esse
1627 1332 1811 1370 ornatos
1849 1369 1851 1371 ,

115 1403 238 1444 Deus
266 1402 386 1444 viros
414 1402 511 1444 illos
540 1401 856 1457 magnanimos
902 1406 947 1443 et
993 1401 1106 1443 bene
1135 1404 1300 1442 natura
1327 1398 1615 1446 constitutos,
1647 1397 1812 1453 quibus

114 1473 419 1528 gubernacula
446 1486 688 1527 regnorum
718 1471 978 1514 committit.
1012 1471 1095 1514 His
1124 1471 1282 1519 fateor,
1319 1469 1488 1512 multos
1517 1468 1810 1517 adversarios,

116 1542 331 1592 inimicos,
362 1542 542 1585 invidos
562 1557 669 1591 esse,
698 1543 844 1585 multa
873 1541 1063 1598 proponi
1090 1540 1300 1597 pericula,
1331 1539 1500 1582 multas
1528 1538 1680 1580 inferri
1707 1538 1812 1580 insi-

118 1613 226 1663 dias,
266 1627 455 1668 magnos
493 1627 587 1655 esse
624 1612 926 1668 experiundos
964 1617 1009 1654 et
1046 1612 1304 1654 subeundos
1341 1611 1529 1659 labores,
1589 1609 1667 1651 sed
1703 1607 1813 1652 mihi

67 1699 104 1726 20
117 1684 260 1727 omnis
275 1684 419 1727 oratio
436 1689 517 1733 est,
544 1698 648 1726 cum
664 1683 849 1732 virtute,
868 1697 959 1725 non
975 1697 1078 1725 cum
1095 1682 1266 1725 desidia
1282 1696 1291 1732 ;
1322 1695 1425 1724 cum
1446 1681 1699 1729 honestate,
1724 1695 1813 1723 non

118 1769 220 1797 cum
246 1755 496 1810 voluptate,
527 1769 631 1797 curn
657 1769 722 1803 eo,
751 1754 830 1810 qui
857 1768 947 1796 non
977 1753 1105 1809 ponit
1132 1753 1386 1795 adiutorem
1412 1766 1593 1794 carnem
1619 1749 1816 1793 bracchii

120 1825 200 1875 sui,
227 1825 305 1881 qui
328 1840 419 1868 non
443 1825 682 1868 constituit
707 1839 837 1881 spem
861 1839 991 1867 suam
1015 1824 1061 1866 in
1086 1823 1270 1873 divitiis,
1296 1822 1544 1865 honoribus
1568 1827 1612 1864 et
1639 1821 1816 1864 auxiliis

122 1895 343 1945 humanis,
368 1896 446 1952 qui
468 1910 559 1938 non
580 1896 627 1938 in
649 1910 743 1946 sua,
768 1896 846 1938 sed
861 1895 907 1938 in
923 1894 1107 1937 Domini
1128 1894 1299 1936 virtute
1326 1895 1432 1949 (qua
1453 1892 1606 1935 omnia
1627 1892 1817 1935 adversa

121 1967 404 2023 superantur)
449 1966 678 2022 gloriatur.
719 1967 833 2008 Cum
869 1965 922 2008 iis
944 1965 1150 2021 denique,
1188 1965 1266 2021 qui
1287 1979 1333 2007 se
1354 1963 1545 2006 utilitati
1571 1964 1813 2011 communi,

72 2053 107 2081 25
122 2037 199 2093 qui
248 2037 472 2087 ecclesiae,
524 2037 601 2093 qui
652 2037 847 2079 subditis
896 2037 999 2085 suis,
1039 2036 1116 2092 qui
1151 2036 1274 2078 laudi
1310 2040 1355 2078 et
1391 2034 1555 2090 gloriae
1592 2033 1688 2082 Dei,
1726 2047 1816 2075 non

123 2108 199 2164 qui
239 2122 410 2157 somno,
454 2108 688 2157 conviviis,
732 2107 1109 2150 delectationibus
1149 2111 1281 2149 natos
1322 2120 1367 2148 se
1389 2119 1482 2147 esse
1520 2103 1813 2147 arbitrantur.

124 2179 241 2222 Nam
271 2178 349 2235 qui
379 2179 696 2235 voluptatibus
727 2178 956 2220 ducuntur
980 2183 1024 2220 et
1057 2191 1102 2219 se
1132 2176 1348 2219 vitiorum
1379 2175 1595 2217 illecebris
1626 2179 1671 2216 et
1694 2173 1815 2229 cupi-

123 2249 322 2292 ditatum
349 2249 578 2292 lenociniis
607 2249 891 2297 dediderunt,
921 2248 1080 2290 missas
1108 2247 1278 2290 faciant
1307 2245 1564 2301 dignitates,
1595 2259 1650 2286 ne
1678 2244 1815 2287 attin-

123 2325 231 2375 gant
261 2320 533 2376 reipublicae
563 2319 952 2375 gubernationem,
985 2318 1222 2374 patiantur
1251 2317 1371 2359 viros
1402 2316 1542 2358 fortes
1572 2315 1737 2363 labore,
1771 2329 1816 2357 se

77 2391 216 2434 aootio
240 2405 320 2434 suo
344 2391 525 2447 perfrui.
552 2390 651 2433 Tua
674 2404 781 2432 vero
806 2390 917 2439 vita,
943 2403 1021 2431 rex
1057 2387 1356 2436 Serenissime‚
1383 2386 1449 2428 ita
1472 2400 1647 2441 semper
1672 2385 1818 2428 aliena

126 2462 183 2504 ab
229 2462 351 2504 omni
399 2460 684 2517 turpitudine
733 2460 833 2509 fuit,
883 2464 935 2501 ut
983 2459 1274 2501 vehementer
1321 2456 1516 2500 admirer
1562 2455 1817 2498 bonitatem

127 2536 170 2573 et
198 2532 532 2588 providentiam
561 2531 645 2574 Dei
673 2530 835 2586 optimi
863 2529 1051 2572 maximi
1079 2543 1183 2584 erga
1209 2529 1355 2571 Tuam
1384 2527 1504 2577 M‘em,
1534 2541 1650 2583 quae
1686 2531 1731 2568 te
1772 2526 1818 2568 in

127 2603 260 2645 variis
284 2603 461 2646 animae
485 2607 530 2644 et
556 2601 754 2658 corporis
777 2599 985 2657 periculis
1009 2600 1209 2642 illaesum
1236 2597 1535 2646 conservavit,
1564 2597 1642 2653 qui
1665 2597 1818 2639 hostes

130 2677 231 2715 tuos
253 2688 333 2730 pro
356 2678 402 2716 te
425 2671 718 2729 expugnavit,
745 2671 823 2727 qui
846 2676 891 2713 te
914 2670 1162 2713 virtutibus
1184 2669 1377 2718 ornavit,
1403 2668 1481 2725 qui
1504 2667 1697 2724 denique
1720 2681 1817 2722 gra-

80 2743 270 2786 aedatim
319 2744 379 2787 ad
429 2758 632 2786 summos
666 2743 858 2785 honores
894 2740 1117 2797 provexit.
1157 2741 1259 2796 Ipse
1296 2739 1492 2795 primum
1529 2738 1613 2780 tibi
1649 2737 1696 2780 in
1731 2738 1819 2780 fide

130 2814 349 2858 catholica
381 2813 686 2857 constantiam
720 2812 908 2863 tribuit;
943 2812 1037 2867 ipse
1060 2816 1106 2854 te
1138 2811 1184 2853 in
1216 2810 1365 2853 medio
1397 2809 1728 2853 haereticorum
1760 2809 1819 2851 ab

130 2884 250 2926 omni
274 2885 540 2941 contagione
561 2886 794 2927 haereseos
816 2882 1090 2929 custodivit;
1118 2881 1212 2937 ipse
1234 2880 1523 2923 tolerantiam
1549 2879 1594 2922 in
1620 2878 1820 2922 adversis

131 2953 315 2998 donavit
336 2969 345 3006 ;
367 2955 462 3012 ipse
477 2955 523 2998 in
539 2955 675 2998 variis
695 2953 902 3010 periculis
922 2952 1124 2995 illaesum
1145 2951 1430 2995 conservavit
1451 2965 1459 3001 ;
1481 2950 1621 3006 ipsius
1642 2949 1819 2992 adiuto-

130 3023 194 3066 rio
225 3026 376 3068 hostes
410 3025 587 3077 vicisti;
623 3025 762 3081 ipsius
797 3024 916 3067 dono
947 3022 994 3065 in
1015 3022 1263 3079 principem
1285 3026 1469 3065 evectus
1491 3020 1644 3069 fuisti;
1680 3019 1820 3075 ipsius

83 3108 312 3138 wmunere
350 3096 537 3139 tandem
576 3096 636 3139 ad
673 3096 803 3144 hanc,
841 3094 888 3136 in
927 3107 1019 3150 qua
1057 3107 1176 3135 nunc
1215 3107 1274 3142 es,
1316 3092 1590 3148 dignitatem
1630 3089 1820 3132 exaltari

132 3165 345 3209 meruisti.
378 3168 527 3223 Quare
572 3166 609 3209 si
632 3170 842 3222 parentes
865 3163 1148 3207 charissimos
1171 3164 1336 3206 habere
1360 3162 1590 3210 debemuS,
1616 3160 1740 3217 quod
1762 3161 1820 3203 ab
