2188 3535
383 214 430 249 16
1158 207 1231 242 NO-
1266 210 1290 245 6
1751 209 1869 253 [1574
1899 218 1988 253 aug.
2023 219 2072 251 24

380 329 589 373 doctrina
633 327 823 371 excultis
867 325 986 373 viris,
1034 325 1113 366 sed
1156 325 1296 369 etiam
1340 325 1463 368 vitae
1507 325 1783 382 integritate,
1814 325 2072 368 innocentia

381 406 522 457 atque
562 399 805 441 sanctitate
845 395 1003 444 claris;
1046 395 1092 436 in
1132 395 1297 451 quibus
1337 396 1543 439 fovendis
1582 410 1727 453 neque
1769 395 2069 445 humanitate,

384 485 528 526 neque
557 468 826 516 liberalitate
868 465 1103 515 deerimus,
1148 466 1258 509 dum
1288 467 1422 510 modo
1451 467 1536 509 illis
1563 467 1740 523 placeat
1769 467 1905 515 locus,
1935 480 2072 522 quem

383 540 468 582 illis
498 537 713 581 Varadini
745 535 896 578 daturi
927 549 1111 585 sumus;
1145 536 1376 580 doctrinae
1407 537 1518 580 item
1548 543 1687 594 atque
1719 537 1918 593 optimae
1950 536 2072 579 vitae

383 609 590 664 exempla
610 612 761 649 vestro
781 606 927 649 ordini
947 607 1262 650 convenientia
1281 608 1433 651 edant.
1464 609 1784 664 Quamobrem,
1801 607 1838 650 si
1853 607 1899 649 in
1913 607 2071 650 eadem
2105 616 2122 643 5

380 681 529 723 adhuc
551 677 658 720 estis
680 677 918 726 sententia,
943 691 1208 733 cuperemus
1229 684 1428 735 quatuor
1450 679 1573 722 mitti
1594 693 1650 721 ex
1673 678 1889 721 fratribus
1911 678 2072 720 vestris

383 762 595 806 personas
629 747 842 797 eruditaS,
879 747 1109 790 modestas
1143 754 1188 791 et
1224 750 1452 805 probitate
1488 749 1609 792 vitae
1644 749 1850 805 insignes,
1891 753 2072 792 nostrae

380 819 549 862 scilicet
581 818 778 861 nationis
810 823 855 860 et
888 818 1006 860 inter
1038 818 1135 861 illos
1168 820 1451 876 Stephanum
1484 821 1698 876 patrem.²
1730 820 1807 862 Eis
1840 833 1921 862 nos
1952 819 2072 862 ultro

378 891 528 933 locum
564 889 845 938 residentiae,
885 903 1021 945 quem
1057 890 1258 932 habituri
1294 897 1399 933 sunt
1436 891 1652 933 Varadini
1688 890 2069 939 amoenissimum,

377 962 433 1004 de
458 960 702 1003 sufficienti
726 960 865 1009 victu,
893 960 1209 1017 stipendioque
1234 962 1426 1004 honesto
1451 961 1801 1017 providebimus.
1831 961 2072 1017 Speramus
2088 969 2122 996 1⁰
2186 961 2188 1005 ἱ

376 1036 534 1074 autem
569 1046 651 1074 vos
684 1032 804 1074 hunc
839 1036 1047 1074 nostrum
1081 1036 1298 1074 conatum
1334 1047 1415 1088 pro
1451 1037 1602 1074 vestra
1632 1032 1816 1088 pietate,
1848 1045 1940 1088 qua
1968 1046 2072 1087 erga

380 1102 465 1146 Dei
499 1102 731 1146 eeclesiam
765 1102 1010 1151 afficimini,
1047 1102 1239 1144 libenter
1272 1103 1519 1145 adjuturos.
1564 1102 1697 1159 Quod
1730 1108 1782 1144 ut
1816 1107 1861 1145 et
1895 1116 1941 1145 re
1975 1101 2073 1158 ipsa

378 1173 632 1230 praestetiS‚
669 1188 750 1216 vos
785 1173 924 1216 etiam
960 1178 1098 1229 atque
1133 1173 1273 1216 etiam
1308 1188 1529 1230 rogamus.

502 1245 676 1287 Datum
707 1244 848 1287 Albae
879 1244 1040 1299 Juliae,
1075 1256 1113 1298 7.
1149 1245 1342 1300 Augusti
1377 1257 1499 1300 1574.

543 1316 799 1371 Stephanus
829 1313 1037 1369 Bathor‘y'*
2088 1322 2122 1351 15

494 1386 701 1429 Vaivoda
732 1386 1082 1428 Transilvaniae.

507 1490 770 1542 Ha'tlapja‘n:
801 1489 1033 1541 Exemplar
1061 1489 1284 1531 literarum
1315 1491 1526 1530 vaivodae
1557 1489 1903 1542 Transylvaniae.

657 1581 862 1627 (Egykorsi
893 1581 1076 1621 masolat,
1107 1592 1130 1616 a
1160 1581 1455 1627 Jezsuita-rend
1483 1581 1788 1625 leveltaraban.)

1202 1771 1243 1814 6.

886 1870 1037 1918 Ro'ma,
1074 1882 1187 1924 1574
1219 1874 1453 1924 augusztus
1484 1881 1552 1923 24.
2086 1888 2121 1916 20

431 1973 474 2012 P.
517 1971 753 2011 Mercurian
785 1971 1008 2011 Eberhard
1044 1970 1451 2022 jezsuita-generalis
1488 1971 1532 2010 P.
1574 1970 1731 2010 Szanto
1768 1971 2015 2012 Istvannak.

502 2065 718 2105 Leveleinek
746 2064 866 2111 cirilli,
898 2065 944 2104 de
974 2077 1020 2103 az
1051 2064 1201 2114 erdelyz'
1231 2064 1394 2104 misszici
1430 2063 1607 2116 iigyeffben
1645 2064 1760 2115 varja
1796 2077 1843 2103 az
1876 2063 2074 2104 ausztriaz‘

372 2125 661 2176 provinczia'lis
692 2124 904 2176 jelentesbt.

501 2221 526 2273 †
555 2222 688 2276 Jesus
719 2221 872 2263 Maria.

503 2293 687 2335 Mirifice
721 2293 1003 2334 delectarunt
1046 2292 1200 2334 literae
1243 2292 1365 2334 Tuae
1401 2286 1501 2334 R'iffl‘
1530 2293 1583 2334 R.
1617 2293 1664 2334 P.
1698 2292 1751 2334 N.
1790 2292 2120 2340 Generalem,25
2172 2297 2176 2311 ¹

373 2364 539 2421 quibus
584 2377 734 2406 rerum
780 2363 1238 2418 Transylvanicarum
1269 2368 1443 2405 statum
1476 2376 1527 2404 ac
1561 2363 1796 2412 bonorum,
1832 2363 2070 2419 praecipue

375 2450 482 2478 vero
513 2434 652 2491 ipsius
683 2434 904 2476 vaivodae
936 2433 1126 2476 Bathori
1158 2433 1427 2476 desiderium
1460 2433 1721 2489 significasti
1746 2436 1760 2463 1
1790 2433 2070 2490 iniectusque

373 2511 443 2548 est
479 2505 644 2548 nostris
679 2505 890 2547 stimulus
926 2505 980 2547 de
1018 2504 1251 2560 Hungaria
1287 2504 1618 2553 benemerendi,
1642 2504 1678 2545 si
1709 2504 1931 2547 Dominus
1966 2518 2069 2546 con-

374 2576 569 2625 cesserit,
591 2582 642 2617 ut
663 2576 831 2618 ostium
856 2576 968 2617 illud
993 2575 1209 2618 Societati
1233 2575 1474 2630 aperiatur.
1504 2576 1732 2630 Expectat
1758 2579 1913 2617 autem
1937 2576 1990 2618 R.
2019 2576 2065 2617 P.

379 2648 545 2689 Noster
565 2647 718 2688 literas
740 2661 792 2689 ea
815 2647 868 2689 de
891 2661 936 2688 re
959 2661 985 2688 a
1009 2648 1061 2689 R.
1088 2648 1135 2688 P.
1154 2647 1316 2689 Vestro
1340 2645 1645 2687 Provinciali.2
1665 2647 1730 2687 Ae
1752 2645 1789 2687 si
1811 2645 1962 2688 missio
1984 2645 2067 2688 erit
2082 2659 2116 2686 3ο
2168 2626 2177 2690 vI

373 2732 401 2760 a
424 2719 534 2766 Deo,
559 2731 649 2759 non
671 2722 738 2759 est
762 2717 1080 2766 dubitandum,
1113 2716 1223 2773 quin
1251 2716 1346 2758 eius
1375 2716 1646 2763 Paternitas,
1674 2730 1790 2772 quae
1819 2716 1879 2758 ad
1906 2730 2067 2772 propa-

374 2788 605 2844 gationem
628 2788 731 2829 fidei
754 2788 864 2830 satis
886 2802 1108 2843 propensa
1130 2794 1212 2836 est,
1235 2787 1333 2829 Tua
1356 2787 1628 2829 Reverentia
1650 2792 1930 2829 caeterorum
1949 2787 2068 2829 votis

373 2858 582 2901 satisfieri
618 2864 756 2900 curet.
802 2859 935 2914 Quod
970 2864 1124 2901 autem
1160 2858 1354 2913 pertinet
1391 2857 1450 2899 ad
1485 2857 1666 2913 privata
1701 2857 1853 2900 studia
1887 2862 1933 2900 et
1969 2871 2065 2900 ver-

374 2929 523 2972 siones
562 2935 664 2970 tuas
703 2929 956 2985 aliquorum
994 2929 1210 2972 librorum
1248 2928 1293 2970 in
1331 2928 1531 2983 linguam
1565 2928 1884 2984 Hungaricam,
1920 2928 2066 2984 placet

503 3054 516 3074 ²
546 3053 588 3086 P.
620 3052 768 3086 Szanto
798 3052 951 3086 Istvan.
2078 3057 2113 3085 35

503 3173 515 3194 ¹
547 3171 750 3206 Kozoltiik
780 3181 813 3215 3.
843 3181 895 3205 sz.
927 3182 961 3206 a.
1045 3173 1058 3193 ²
1087 3172 1130 3206 P.
1161 3171 1318 3216 Maggio
1347 3170 1523 3205 Lorincz.
