2188 3535
98 227 186 269 1581
224 223 348 267 szept.
386 221 423 264 1]
861 216 937 252 No.
966 223 1014 261 59
1712 211 1783 251 183

100 341 281 385 alterius
307 336 505 382 mulieris
526 335 692 378 vitium
716 334 763 376 in
788 333 949 376 faciem
975 331 1280 389 exprobravit,
1309 329 1432 386 quod
1456 328 1548 371 suis
1573 326 1787 383 operariis

100 413 171 456 die
207 409 432 467 prohibito
469 420 624 449 carnes
661 404 941 460 apposuisset
979 409 1024 446 et
1060 402 1251 452 monuit,
1283 406 1335 444 ut
1368 398 1696 457 poenitentiam
1733 396 1788 439 de

101 497 181 526 suo
227 485 411 538 peccato
457 481 638 534 ageret:
687 476 798 517 item
844 474 1023 517 cuidam
1068 473 1295 516 haeretico
1342 469 1637 520 enumeravit,
1672 482 1788 525 quae

101 553 224 610 apud
245 552 409 594 inferos
432 563 537 592 eum
563 550 793 590 tormenta
816 550 1121 601 expectarent,
1148 544 1194 586 ni
1218 548 1397 586 mature
1420 544 1758 585 converteretur
1777 552 1786 588 ;

48 637 66 664 5
101 625 211 667 item
230 622 461 679 quandam
481 619 617 662 aliam
636 631 779 673 nuper
799 616 1061 659 defunctam
1081 615 1197 657 dixit
1217 615 1308 657 iam
1328 613 1374 655 in
1394 613 1584 656 coeleste
1603 609 1790 667 gloriam

102 709 195 739 esse
216 697 456 749 receptam.
481 691 537 732 In
556 689 734 745 signum
760 692 928 738 autem,
953 686 1076 742 quod
1104 687 1213 728 haec
1244 698 1352 728 vera
1372 688 1534 732 essent,
1567 680 1791 738 praedixit

102 781 149 809 se
177 765 224 808 in
252 764 323 806 die
353 760 603 805 dominicae
633 757 966 801 resurrectionis
996 772 1051 799 ex
1079 757 1164 799 hac
1194 756 1293 798 vita
1339 754 1636 810 migraturam
1665 756 1710 794 et
1739 765 1791 794 eo

102 838 199 894 ipso
237 835 308 877 die
345 833 563 876 defuncta
599 836 680 873 est.
720 830 834 872 Mira
871 833 1102 884 praeterea
1138 825 1393 869 reverentia
1430 824 1793 867 concionatorem

103 912 309 951 nostrum
339 907 675 961 prosequuntur
707 905 751 943 et
784 905 947 943 cavent
979 898 1230 954 diligenter,
1256 911 1312 939 ne
1333 896 1440 938 mali
1472 893 1644 951 aliquid
1673 893 1735 934 illi
1768 906 1795 934 a

52 992 88 1020 10
104 977 319 1021 ministris
358 973 596 1017 haereticis
636 971 867 1014 inferatur.
896 969 1087 1019 Accidit,
1129 974 1183 1011 ut
1223 967 1424 1024 quadam
1465 966 1550 1015 die,
1595 979 1698 1006 cum
1739 977 1795 1005 ex

106 1050 468 1093 Colosmonostra
506 1045 552 1086 in
590 1035 849 1086 civitatem²
861 1041 1024 1084 rediret
1063 1039 1353 1082 concionator
1390 1042 1555 1086 noster,
1580 1036 1626 1077 in
1664 1039 1796 1090 porta

107 1119 306 1163 civitatis
340 1118 387 1160 in
424 1117 536 1159 duos
562 1114 790 1157 ministros
817 1114 1098 1155 Lutheranos
1124 1110 1370 1159 incideret;
1409 1107 1487 1163 qui
1523 1121 1627 1148 cum
1663 1105 1797 1146 disse-

106 1191 233 1235 rendi
264 1188 575 1246 praebuissent
607 1184 898 1232 occasionem,
933 1182 1080 1237 coepit
1112 1195 1216 1223 cum
1262 1180 1347 1221 illis
1394 1178 1483 1220 levi
1514 1182 1559 1219 et
1591 1175 1799 1218 familiari

108 1276 310 1306 sermone
342 1260 603 1315 disputare;
637 1261 682 1299 et
713 1270 769 1297 en
800 1254 884 1296 tibi
915 1253 1065 1296 subito
1097 1267 1152 1294 ex
1182 1250 1341 1294 vicinis
1373 1248 1562 1291 aedibus
1592 1246 1799 1289 mulieres

56 1345 91 1373 15
108 1334 280 1389 aliquot
316 1332 604 1374 accurrerunt
640 1325 900 1373 catholicae,
937 1337 1054 1380 quae
1087 1322 1317 1365 ministros
1354 1319 1604 1362 haereticos
1639 1316 1800 1359 acriter

108 1405 342 1459 obiurgare
369 1404 628 1456 coeperunt,
656 1398 847 1452 ignaros,
887 1395 1032 1437 ebrios
1059 1399 1104 1436 et
1131 1392 1294 1448 impios
1320 1390 1613 1447 appellantes,
1642 1392 1695 1430 ut
1721 1386 1799 1443 qui

106 1490 200 1519 non
228 1474 446 1517 auderent
474 1470 523 1531 in?
547 1469 734 1517 scholas,
764 1466 936 1521 templa
963 1470 1008 1507 et
1036 1465 1124 1507 alia
1151 1463 1333 1520 publica
1358 1462 1458 1504 loca
1484 1459 1661 1517 prodire
1682 1472 1692 1509 ;
1722 1458 1804 1500 sed

107 1547 154 1589 in
177 1545 318 1601 portis
340 1547 384 1585 et
407 1541 580 1597 angulis
601 1539 855 1595 platearum
889 1536 1008 1579 viros
1028 1536 1171 1578 bonos
1192 1533 1488 1581 adorirentur,
1525 1535 1801 1587 parataeque

108 1617 384 1661 videbantur
419 1612 619 1668 lapidare
654 1609 765 1658 illos,
804 1607 888 1650 nisi
924 1607 987 1649 illi
1022 1608 1184 1649 rubore
1219 1604 1395 1648 confusi
1432 1607 1638 1646 astutum
1675 1615 1720 1643 se
1759 1614 1804 1642 se

59 1699 94 1727 2⁰
108 1686 440 1731 subduxissent.

224 1759 328 1800 Non
359 1755 507 1798 minor
539 1753 677 1795 etiam
709 1750 755 1793 in
796 1749 903 1793 viris
934 1748 1160 1792 nobilibus
1193 1752 1238 1790 et
1270 1759 1463 1802 magnae
1509 1741 1807 1788 authoritatis

109 1829 368 1873 hominibus
406 1840 511 1882 erga
547 1838 629 1866 nos
667 1836 794 1865 amor
831 1826 877 1864 et
915 1818 1232 1863 benevolentia
1270 1816 1562 1873 conspicitur.
1610 1813 1807 1871 Quidam

111 1901 231 1944 enim
258 1897 598 1956 quamprimum
626 1893 788 1937 certior
815 1892 963 1935 factus
991 1895 1108 1933 esset
1136 1890 1192 1932 de
1220 1889 1349 1932 obitu
1377 1886 1607 1944 principis,
1637 1884 1808 1928 veritus

110 1987 167 2015 ne
192 1970 303 2028 quid
328 1968 437 2012 mali
462 1966 592 2010 nobis
619 1966 677 2008 ab
702 1962 938 2006 haereticis
964 1962 1216 2010 inferretur,
1245 1959 1368 2002 misit
1396 1957 1639 2001 confestim
1664 1955 1809 1998 farnu-

62 2044 206 2085 251um
228 2034 341 2084 cum'
353 2039 494 2083 literis
517 2038 576 2081 ad
602 2051 696 2085 nos,
721 2034 879 2077 itinere
895 2047 923 2088 4
939 2038 1020 2076 aut
1036 2043 1060 2086 5
1085 2032 1272 2081 dierum,
1297 2043 1473 2086 rogans,
1499 2033 1555 2070 ut
1578 2026 1808 2069 nunciare-

111 2129 212 2156 mus
241 2117 433 2160 mature,
465 2124 576 2152 num
606 2105 777 2163 aliquid
801 2104 931 2147 nobis
953 2103 1138 2160 periculi
1160 2103 1218 2145 ab
1241 2101 1391 2157 aliquo
1413 2099 1685 2147 immineret,
1709 2110 1809 2139 nec-

114 2200 182 2235 ne,
209 2199 255 2227 se
278 2183 398 2226 enim
423 2185 637 2237 paratum
661 2191 755 2220 esse
777 2191 880 2218 cum
902 2174 1100 2218 exercitu
1125 2173 1254 2215 nobis
1278 2186 1411 2227 opem
1436 2170 1548 2212 ferre
1572 2173 1618 2211 et
1642 2166 1810 2224 proprii

115 2256 253 2299 etiam
281 2252 511 2309 sanguinis
538 2249 809 2306 profusione,
839 2247 876 2289 si
903 2260 1016 2302 opus
1045 2245 1172 2294 foret,
1205 2242 1455 2285 defendere.
1477 2238 1629 2282 Mirati
1650 2250 1806 2281 sumus

115 2326 370 2369 inauditam
401 2322 564 2379 optimi
596 2320 680 2363 viri
712 2317 921 2361 catholici
952 2331 1057 2372 erga
1086 2329 1169 2358 nos
1200 2313 1499 2356 charitatem:
1535 2309 1607 2352 cui
1637 2307 1806 2365 gratias

67 2399 320 2454 30ingentes
363 2395 534 2451 egimus
578 2406 658 2448 pro
702 2388 951 2432 incredibili
994 2387 1089 2429 eius
1132 2399 1236 2440 erga
1278 2397 1360 2425 nos
1402 2379 1719 2424 benevolentia
1762 2383 1807 2420 et

117 2467 437 2523 rescripsimus,
462 2464 584 2506 nullo
612 2476 693 2504 nos
720 2459 916 2515 indigere
944 2457 1136 2501 auxilio:
1168 2458 1419 2511 propterea,
1445 2451 1569 2508 quod
1589 2451 1808 2492 hactenus

118 2544 283 2596 pacata
315 2542 360 2580 et
393 2535 549 2593 quieta
581 2533 770 2576 fuissent
803 2529 966 2572 omnia.

251 2608 393 2652 Simili
413 2607 507 2650 zelo
529 2603 764 2648 charitatis
785 2600 972 2658 quidam
994 2598 1106 2641 alius
1131 2596 1199 2640 vir
1222 2593 1525 2638 nobilissimus
1550 2597 1595 2635 et
1620 2605 1810 2647 magnae

121 2679 412 2724 authoritatis
450 2692 497 2720 se
535 2690 616 2732 pro
654 2673 784 2717 nobis
822 2671 868 2713 in
906 2668 1096 2726 publicis
1135 2665 1328 2710 comitiis
1366 2669 1525 2707 contra
1562 2662 1811 2705 haereticos

72 2750 404 2807 35interposuit.
436 2750 556 2791 Nam
585 2760 689 2788 cum
716 2744 763 2786 in
792 2741 982 2799 publicis
1011 2738 1204 2782 comitiis
1232 2736 1503 2779 Arianorum
1531 2733 1811 2790 superinten-

124 2822 286 2872 dens,16
327 2835 464 2877 quem
505 2818 767 2874 episcopum
808 2811 1116 2868 evangelicum
1156 2808 1241 2864 ipsi
1282 2806 1526 2864 appellant,
1576 2805 1623 2847 in
1663 2803 1812 2846 medio

124 2893 342 2935 nobilium
380 2890 643 2934 surrexisset
681 2892 727 2930 et
765 2885 961 2941 primum
999 2879 1291 2937 exposuisset,
1332 2892 1436 2920 cum
1472 2890 1636 2933 magno
1675 2872 1814 2917 animi

127 2963 195 3004 sui
219 2963 383 3012 dolore,
411 2975 551 3018 quam
576 2958 706 3002 facile
731 2957 851 2999 intra
875 2953 1108 2996 biennium
1133 2965 1211 2993 sex
1235 2963 1374 3005 pagos
1402 2952 1448 2991 et
1469 2947 1583 2990 duas
1605 2945 1814 2988 civitates

128 3046 483 3088 occupassemus,
517 3030 679 3073 deinde
709 3028 847 3071 fidem
878 3030 923 3068 et
955 3022 1174 3067 auxilium
1205 3034 1360 3063 eorum
1390 3017 1664 3074 imploravit,
1689 3030 1744 3057 ne
1769 3028 1815 3056 se

80 3112 115 3139 40
131 3108 175 3145 et
209 3104 398 3145 verbum
431 3102 517 3145 Dei
549 3099 744 3157 opprimi
778 3112 805 3141 a
838 3094 1057 3152 Jesuvitis
1091 3095 1383 3149 paterentur;
1422 3103 1535 3145 quos
1567 3092 1620 3130 ut
1654 3085 1816 3129 fortius

129 3165 1817 3188 Μ

257 3203 291 3225 ¹⁶
319 3204 514 3248 Hunyadi
540 3204 741 3237 Demeter.
