2188 3535
389 205 407 238 3
418 205 430 229 1
442 205 462 231 2
1137 187 1170 221 F
1171 187 1337 233 siggelek

387 311 760 367 praerogativam,
786 319 1020 361 nunquam
1051 310 1235 347 tantum
1266 304 1501 359 dignitatis
1533 304 1765 360 fastigium
1795 304 2073 348 contulisset.

385 383 724 424 Adolescentem
746 378 864 419 enirn
887 390 938 417 ac
960 389 1098 430 prope
1127 375 1317 416 dixerim
1340 389 1544 430 puerum,
1573 380 1847 418 secretorum
1873 376 2076 418 omnium

385 465 566 494 suorum
592 448 871 504 participem,
895 460 946 487 ac
968 446 1014 486 in
1036 450 1168 487 tanta
1190 447 1313 501 regni
1335 446 1451 488 mole
1471 446 1737 488 sustinenda
1757 446 2072 495 consultorem,

384 536 435 563 ac
456 534 567 576 pene
588 518 758 560 socium
779 530 872 557 esse
905 516 1062 557 voluit.
1100 516 1172 557 Ad
1205 529 1344 571 quam
1379 516 1650 572 dignitatern
1680 516 1777 558 rite.
1803 517 2072 566 obeundam,

384 596 426 632 et
465 591 501 631 si
534 594 697 630 natura
727 587 789 627 illi
821 591 1020 628 aetatem
1051 592 1310 642 negaverat,
1349 590 1397 629 at
1442 587 1664 630 industria
1707 588 1928 629 virtutem
1971 601 2074 630 con-
2105 605 2123 633 5

385 661 562 702 tulerat.
598 658 812 700 Senectus
843 657 962 699 enim
994 657 1261 700 venerabilis
1294 663 1361 700 est
1387 672 1476 699 non
1509 658 1739 708 diuturna,
1766 672 1911 714 neque
1935 672 2074 701 anno-

383 743 480 772 rum
504 742 690 770 numero
715 732 1011 782 computata:
1052 728 1132 770 sed
1158 742 1299 778 mens,
1326 728 1456 778 ratio,
1487 733 1625 785 atque
1645 729 1862 771 iudicium
1881 728 2075 771 hominis

382 800 493 848 cani,
516 804 621 841 sunt
644 802 858 854 aetasque
879 799 1024 841 omnis
1048 805 1254 841 senectus
1280 805 1360 850 est,
1401 813 1517 854 quae
1542 799 1665 842 vitae
1689 804 1868 842 constat
1893 799 2075 856 integri-

388 875 493 918 tate,
522 882 789 924 morumque
815 870 1085 912 constantia.
1122 870 1286 913 Fateor
1312 870 1441 912 annis
1467 870 1642 912 iuvenis
1668 875 1779 921 erat,
1807 870 1885 913 sed
1909 868 2074 913 iudicio

380 954 527 989 seneX,
561 943 766 981 maturus
798 941 995 990 consilio,
1029 940 1151 982 mitis
1182 941 1373 998 ingenio.
1408 941 1543 983 Cuius
1573 941 1757 983 consilia
1787 955 1927 997 quam
1957 941 2125 987 salu-10

380 1011 495 1052 taria
522 1010 790 1065 reipublicae
830 1011 876 1052 in
916 1011 1014 1053 aliis
1040 1012 1221 1062 fuerint,
1250 1028 1305 1055 ex
1332 1013 1463 1054 unius
1491 1012 1755 1054 Cibiniensis
1781 1013 1904 1054 urbis
1930 1012 2075 1054 salute

381 1081 559 1137 colligas
607 1081 723 1123 licet.
782 1081 906 1136 Quae
955 1083 1278 1126 scelestissimis
1326 1083 1615 1138 quorundam
1663 1083 2075 1126 machinationibus

381 1152 561 1207 prodita
583 1152 720 1194 furori
742 1152 863 1207 regio
885 1153 1014 1203 foret,
1032 1166 1303 1210 prorsusque
1326 1154 1513 1204 delecta,
1534 1154 1619 1195 nisi
1640 1154 1773 1196 huius
1795 1154 2076 1196 authoritate

379 1228 423 1265 et
454 1223 636 1265 consilio
669 1236 745 1264 rex
774 1223 833 1264 ab
861 1223 1074 1266 instituto
1103 1225 1270 1268 scelere
1298 1230 1537 1268 revocatus
1566 1225 1738 1267 fuisset.

511 1293 677 1336 Verum
701 1294 945 1344 enimvero,
963 1300 1013 1337 ut
1043 1295 1156 1337 nihil
1176 1296 1222 1338 in
1245 1296 1455 1339 humanis
1475 1310 1567 1339 non
1590 1296 1915 1350 permutationi
1937 1297 2075 1338 obno-
2090 1313 2126 1341 15

380 1364 519 1414 xium‚
553 1365 618 1406 ita
647 1379 802 1407 cursus
823 1365 908 1407 iste
929 1366 1094 1421 gloriae
1118 1366 1427 1422 Christophori
1449 1381 1540 1409 non
1562 1367 1641 1409 diu
1664 1367 1771 1408 felix
1792 1381 1885 1409 esse
1907 1366 2072 1422 potuit.

381 1435 625 1491 Eleganter
645 1437 764 1478 enim
787 1436 978 1479 Plautus
1001 1438 1114 1480 duas
1136 1451 1218 1480 nos
1238 1439 1457 1486 homines,
1480 1437 1611 1494 quasi
1632 1438 1746 1492 pilas
1775 1438 1927 1480 ludere
1943 1437 2073 1479 dixit.

380 1506 472 1548 Nec
495 1507 643 1549 minus
664 1512 784 1549 recte
803 1507 894 1562 Job
915 1508 987 1550 ille
1010 1509 1259 1564 patientiae
1279 1514 1323 1552 et
1342 1508 1667 1551 vicissitudinis
1685 1510 1910 1551 humanae
1926 1522 2076 1550 exem-

378 1578 503 1633 plum
524 1578 868 1633 philosophatus
890 1583 971 1621 est.
997 1579 1110 1621 Cum
1131 1580 1326 1622 hominis
1349 1580 1495 1621 vitam
1516 1579 1757 1630 brevitate,
1775 1579 2075 1622 instabilitate

381 1663 432 1691 ac
460 1649 739 1691 miseriarum
762 1650 944 1692 cumulo
966 1650 1202 1693 definitam
1221 1665 1314 1693 esse
1329 1651 1489 1693 voluit.
1507 1650 1628 1692 Nam
1644 1664 1748 1693 cum
1763 1652 1893 1693 heros
1907 1655 2074 1700 noster,
2090 1667 2127 1696 20

378 1720 600 1762 industria
635 1720 869 1771 virtutem,
909 1721 1080 1763 virtute
1116 1722 1304 1778 gloriam
1341 1726 1659 1777 comparasset,
1698 1722 1840 1777 gloria
1875 1721 2076 1764 aemulos

379 1790 441 1831 illi
465 1792 759 1845 comparavit.
786 1792 846 1833 Et
871 1806 960 1848 quo
984 1793 1272 1847 potissimum
1294 1798 1498 1849 tempore
1521 1797 1654 1848 porta
1676 1792 1739 1833 illi
1761 1793 1994 1848 patefacta
2017 1792 2076 1834 ad

379 1861 447 1903 sui
488 1862 601 1917 regis
641 1863 850 1917 gratiam,
885 1877 1176 1919 summosque
1212 1865 1402 1906 honores
1445 1863 1795 1919 consequendos,
1834 1863 1975 1906 veluti
2017 1863 2077 1905 ad

380 1933 580 1986 praemia
602 1933 763 1975 virtuti
792 1934 1039 1989 proposita,
1072 1935 1216 1977 videri
1239 1939 1433 1990 poterat,
1460 1949 1511 1977 eo
1534 1935 1732 1976 maxime
1754 1935 1856 1977 telis
1879 1934 2076 1977 invidiae

380 2003 626 2052 lacessitus,
660 2004 906 2047 ludibrium
938 2005 1147 2048 fortunae
1179 2006 1279 2048 fuit.
1322 2006 1430 2061 Quis
1461 2006 1534 2047 hic
1565 2005 1881 2048 calamitatum
1915 2005 2128 2049 Iliadesz5

382 2074 619 2128 complecti
651 2076 854 2118 oratione
885 2081 1037 2131 queat,
1072 2090 1185 2132 quas
1216 2077 1288 2118 hic
1318 2077 1503 2133 integris
1534 2082 1723 2133 septem,
1757 2081 1918 2119 octove
1949 2076 2078 2118 annis

382 2145 625 2187 exhausit?
663 2147 881 2201 Principis
914 2147 1008 2189 eius
1041 2147 1151 2189 fides
1184 2149 1242 2189 ab
1275 2148 1440 2190 invidis
1472 2148 1518 2189 in
1551 2148 1742 2191 dubium
1773 2149 1897 2203 apud
1928 2160 2079 2203 regem

378 2229 509 2257 suum
540 2222 704 2259 vocata
736 2222 817 2259 est.
850 2217 1008 2273 Neque
1030 2223 1076 2260 te
1098 2218 1185 2268 hic,
1211 2219 1496 2262 Serenissime
1527 2219 1801 2262 Polonorum
1830 2233 1909 2261 rex
1938 2218 2078 2260 tacite

379 2287 618 2340 praeterire
659 2289 751 2331 ullo
791 2290 927 2331 modo
952 2290 1128 2345 patitur
1153 2290 1311 2332 oratio.
1346 2290 1491 2332 Fuisti
1517 2290 1638 2332 enim
1661 2290 1808 2333 socius
1834 2288 1985 2331 fratris
2009 2289 2078 2331 tui

377 2357 629 2399 charissimi
660 2359 866 2402 miseriae
897 2364 1035 2416 atque
1067 2374 1401 2404 aerumnarum.
1460 2361 1647 2416 Quoties
1677 2361 1724 2403 in
1755 2360 1947 2402 dubium
1978 2359 2076 2401 vita
2091 2376 2128 2404 30

379 2432 527 2470 vestra
548 2429 604 2470 ab
625 2430 812 2472 aemulis
827 2436 992 2473 vocata
1012 2436 1078 2473 est
1095 2432 1111 2473 Ρ
1143 2431 1330 2486 Quoties
1345 2433 1525 2482 Albam,
1546 2431 1619 2474 vel
1639 2431 1824 2486 Somlyo
1843 2431 1902 2473 ad
1922 2444 2077 2474 necem

380 2499 553 2540 evocati
583 2501 721 2543 estis?
751 2501 908 2552 Erant,
936 2502 1014 2558 qui
1039 2502 1172 2544 unius
1197 2503 1422 2558 religionis
1447 2517 1583 2546 causa
1606 2516 1688 2545 vos
1713 2502 1816 2545 odio
1840 2502 2075 2544 haberent.

382 2566 536 2618 Erant,
555 2571 630 2624 qui
648 2586 737 2613 non
758 2577 855 2614 tam
875 2587 970 2623 vos,
989 2586 1128 2628 quam
1151 2574 1348 2616 familiae
1368 2574 1653 2629 splendorem
1675 2574 2075 2628 perhorrescerent.

383 2636 538 2687 Erant,
558 2641 633 2694 qui
651 2642 894 2686 infractum
915 2644 1053 2685 animi
1076 2646 1212 2686 robur
1233 2645 1279 2686 in
1301 2646 1431 2687 vobis
1453 2646 1737 2694 damnarent,
1761 2658 1852 2686 non
1874 2644 2074 2692 deerant,

382 2708 457 2762 qui
505 2715 630 2751 metu
678 2712 1010 2756 Dominationis
1057 2715 1209 2757 emnia
1256 2730 1301 2757 se
1349 2730 1477 2772 agere
1525 2716 1803 2759 simularent.
1853 2713 2076 2756 Plurimos
2091 2729 2128 2758 35

383 2779 642 2829 modestiae,
674 2783 856 2836 pietatis
887 2799 939 2827 ac
968 2785 1183 2836 iustitiae,
1217 2786 1371 2828 odium
1401 2788 1447 2829 in
1478 2801 1559 2829 vos
1590 2787 1812 2830 armabat.
1846 2784 1936 2827 Ubi
1966 2788 2077 2826 tunc

384 2849 633 2892 Bathoreae
660 2854 802 2908 gentis
829 2856 1000 2912 gloria?
1038 2854 1221 2910 Quanta
1247 2857 1502 2900 sollicitudo
1529 2857 1644 2900 bone
1661 2857 1770 2911 Jesu
1796 2856 1854 2897 ab
1881 2855 2072 2897 amicis?

391 2918 571 2973 Quanta
593 2923 796 2975 paucitas
818 2941 898 2969 vos
927 2927 1262 2969 salutantium?
1296 2928 1538 2970 Procerum
1567 2929 1684 2970 circa
1712 2940 1793 2968 vos
1822 2926 2077 2982 frequentia

383 2990 519 3039 nulla,
544 2993 761 3035 nobilium
784 2998 957 3053 exigua,
992 2997 1189 3040 militum
1211 3011 1301 3040 non
1324 3012 1503 3054 magna.
1524 3000 1692 3042 Verum
1715 2997 2077 3053 quotusquisque

384 3065 492 3102 tunc
524 3063 768 3105 amicitiam
799 3073 997 3109 vestram
1028 3069 1169 3111 celare
1199 3069 1399 3119 auderet,
1431 3069 1510 3111 ubi
1540 3070 1611 3111 vel
1642 3068 1897 3111 meminisse
1928 3067 2076 3109 fraudi
2090 3082 2127 3110 40

385 3131 514 3172 erat?
558 3132 665 3187 Quis
696 3140 804 3178 tunc
835 3139 1053 3180 virtutem
1085 3153 1137 3181 ac
1167 3140 1425 3195 religionem
1463 3145 1663 3182 vestram
1699 3139 1959 3194 suspiceret,
1999 3137 2078 3180 ubi
