2188 3535
115 194 209 236 1581
245 193 370 236 szept.
399 192 463 235 19]
891 192 965 227 No.
993 193 1037 227 61
1745 202 1814 238 193

111 309 256 352 tiones
287 313 333 351 et
359 308 616 352 infectionis
642 308 892 364 periculum
919 309 1043 352 aliud
1068 309 1317 366 requirunt.
1369 309 1491 367 Quid
1516 324 1619 366 ergo
1647 309 1703 352 de
1729 311 1814 353 hoc

110 394 291 436 quoque
317 379 500 423 videtur
526 381 581 423 R.
609 380 767 423 Tuae?

240 450 446 493 Tertium
491 455 572 501 est,
620 455 800 506 praeter
843 451 1067 507 templum
1111 452 1283 508 collegii
1337 452 1558 495 habemus
1615 452 1661 495 in
1718 453 1816 495 aliis

110 522 137 564 6
164 521 331 564 nostris
358 521 485 578 pagis
511 521 686 577 templa
712 521 921 564 totidem.
956 522 1011 565 In
1037 535 1065 577 4
1091 523 1276 579 quidem
1304 522 1462 566 vicinis
1489 523 1816 566 concionantur

59 610 78 637 5
110 592 254 635 nostri
284 592 660 649 frequentissime,
694 597 742 634 at
765 592 811 634 in
833 593 931 635 aliis
962 593 1152 643 duobus,
1190 593 1267 650 qui
1298 594 1402 636 hinc
1433 594 1606 637 distant
1637 594 1698 637 ad
1726 595 1814 637 tria

110 662 319 706 milliaria
339 663 610 719 germanica,
642 678 724 706 nec
756 663 987 706 ministros
1012 664 1263 707 haereticos
1288 665 1454 707 habere
1481 658 1704 716 volumus,
1733 680 1815 708 nec

110 734 357 777 catholicos
387 740 592 790 pastores
621 734 823 777 invenire
853 749 1106 791 possumus,
1140 750 1221 778 nec
1267 735 1353 792 ipsi
1395 735 1654 779 satisfacere
1684 751 1814 792 paro-

111 806 298 847 chorum
317 805 480 856 officio,
502 810 689 862 propter
706 805 792 848 loci
811 805 1092 848 distantiam.
1122 806 1360 862 Quomodo
1380 821 1483 863 ergo
1502 807 1589 850 illis
1607 807 1814 863 provide-

110 876 267 919 bitur?
303 876 478 919 Deinde
507 876 589 919 nOs
625 878 927 932 parochorum
956 877 1159 920 officium
1187 877 1356 933 ubique
1387 878 1675 928 sustinemus,
1709 893 1812 921 cum

60 947 182 990 10hic
210 947 285 990 alii
312 947 424 989 nulli
452 952 572 998 sunt,
603 948 720 990 sicut
749 947 795 990 in
824 948 968 990 India.
1000 949 1142 991 Estne
1169 949 1255 991 hoc
1283 948 1507 1004 suscipere
1535 963 1691 992 curam
1719 949 1811 992 ani-

109 1032 289 1061 marum
322 1024 502 1074 praeter
535 1024 743 1061 nostrum
778 1019 1057 1069 institutum,
1094 1033 1153 1062 an
1186 1020 1307 1062 non?

248 1090 458 1146 Quarto,1
482 1089 638 1132 rustici
662 1095 768 1132 sunt
793 1090 932 1132 durae
956 1090 1154 1140 cervicis,
1180 1104 1262 1132 nec
1286 1090 1396 1132 satis
1420 1090 1682 1133 obedientes
1706 1091 1809 1133 reti-

107 1160 335 1216 nendique
365 1160 412 1203 in
443 1161 692 1217 disciplina,
726 1175 830 1203 cum
861 1161 1061 1217 alioquin
1092 1175 1173 1203 nos
1204 1165 1500 1203 contemnant
1532 1161 1591 1203 ob
1622 1162 1809 1204 modum

107 1231 379 1288 procedendi
427 1232 666 1274 Societatis
696 1232 915 1274 humilem
947 1237 991 1274 et
1023 1232 1114 1274 sint
1151 1232 1351 1287 plerique
1382 1231 1610 1281 haeretici,
1649 1232 1728 1288 qui
1763 1232 1810 1274 in

59 1317 94 1345 15
109 1302 297 1345 civitate
316 1303 653 1345 calumniantur
670 1317 752 1345 nos
770 1302 1030 1358 frequenter
1047 1317 1200 1345 coram
1218 1303 1316 1345 aliis
1333 1302 1571 1345 haereticis
1589 1307 1634 1345 et
1654 1303 1809 1345 catho-

107 1373 215 1423 licis,
240 1373 363 1430 quod
384 1374 523 1416 simus
539 1373 752 1423 crudeles,
776 1373 900 1429 quod
919 1373 1017 1415 illos
1038 1373 1239 1429 cogimus
1257 1374 1318 1416 ad
1337 1374 1506 1416 multos
1525 1373 1701 1416 labores
1722 1378 1806 1416 etc.

108 1445 240 1487 Unde
275 1444 514 1487 Societatis
548 1444 825 1487 existimatio
857 1444 1037 1487 illorum
1071 1444 1430 1487 detractionibus
1462 1445 1581 1487 laedi
1612 1444 1805 1487 videtur.

107 1516 168 1557 Et
192 1520 348 1557 tamen
369 1530 425 1557 ex
447 1515 535 1558 alia
557 1519 687 1571 parte
709 1520 815 1557 sunt
839 1529 988 1557 merae
1027 1515 1280 1558 calumniae
1302 1521 1347 1558 et
1371 1515 1434 1557 illi
1455 1515 1638 1571 regendi
1660 1522 1807 1558 essent

106 1586 152 1628 in
169 1586 295 1642 virga
311 1586 467 1635 ferrea,
486 1586 602 1629 sicut
619 1586 727 1629 olim
744 1600 771 1628 a
787 1586 1026 1629 nobilibus.
1052 1587 1172 1642 Quid
1187 1586 1259 1629 hic
1276 1587 1535 1630 faciendum
1552 1589 1568 1630 ?
1588 1588 1660 1630 An
1676 1587 1809 1630 villae

56 1657 220 1699 aoistae
251 1657 556 1700 saecularibus
588 1662 736 1700 essent
768 1657 985 1699 locandae
1018 1672 1096 1700 seu
1128 1658 1306 1700 dandae
1338 1658 1385 1700 in
1416 1658 1667 1701 arendam?
1722 1659 1809 1700 Sed

107 1733 216 1770 tunc
254 1728 384 1770 facile
423 1728 734 1770 desolarentur
771 1733 816 1770 et
854 1728 1011 1770 rustici
1049 1729 1425 1784 opprimerentur.
1467 1731 1539 1771 An
1577 1744 1604 1772 a
1642 1729 1808 1772 nostris

106 1799 398 1842 nihilominus
420 1799 675 1842 tenendae?
714 1799 802 1842 Sed
833 1804 943 1842 tunc
976 1805 1266 1856 procuratore
1288 1802 1472 1856 Ungaro
1505 1805 1551 1843 et
1584 1801 1807 1856 prudente

107 1884 220 1926 opus
265 1875 395 1920 esset,
443 1870 521 1927 qui
566 1870 777 1913 villarum
808 1875 854 1913 et
885 1871 1116 1914 redituum
1162 1885 1316 1914 curam
1358 1873 1561 1922 haberet,
1595 1876 1640 1914 et
1676 1871 1806 1914 sciret

107 1941 356 1997 prudenter
387 1946 583 1984 tractare
610 1942 898 1984 subditorum
929 1942 1118 1986 animos.
1143 1943 1357 1998 Alioquin
1379 1942 1536 1985 rustici
1557 1943 1667 1985 fient
1690 1943 1804 1985 inso-

58 2012 250 2055 251entes
272 2017 316 2054 et
339 2027 420 2055 nos
442 2013 654 2055 villarum
675 2027 866 2068 parvam
887 2013 1137 2056 utilitatem
1158 2014 1441 2057 habebimus.
1484 2014 1682 2057 Maxime
1704 2028 1807 2056 cum

107 2097 198 2125 non
228 2083 376 2126 desint
407 2083 547 2126 etiam
578 2084 716 2139 aliqui
746 2098 802 2126 ex
831 2084 996 2127 nostris
1026 2099 1189 2140 parum
1219 2085 1407 2140 experti,
1440 2085 1518 2141 qui
1547 2084 1806 2127 huiusmodi

108 2155 311 2210 querelas
334 2155 607 2197 rusticorum
631 2154 760 2197 facile
785 2155 977 2197 audiunt
1002 2160 1047 2198 et
1070 2155 1157 2198 illis
1180 2156 1339 2198 statim
1363 2156 1567 2205 credunt,
1594 2170 1699 2198 cum
1721 2155 1807 2197 illis

109 2225 163 2267 de
194 2226 278 2268 hoc
309 2226 420 2268 nihil
451 2226 743 2268 commissum
774 2225 832 2268 sit
864 2230 948 2268 etc.
982 2228 1134 2282 Atque
1164 2227 1275 2268 haec
1307 2232 1374 2269 est
1406 2226 1608 2269 maxima
1639 2225 1812 2281 collegii

110 2296 329 2340 molestia.
361 2297 540 2339 Vellent
570 2296 798 2346 haeretici,
830 2301 882 2339 ut
912 2298 1058 2339 nullas
1088 2297 1218 2340 villas
1248 2298 1511 2346 habeamus,
1543 2302 1595 2339 ut
1625 2296 1662 2340 si
1692 2296 1812 2339 fame

59 2382 96 2409 30
111 2368 330 2423 compulsi
357 2383 465 2410 mox
491 2368 595 2410 hinc
623 2368 919 2410 discedamus.
951 2368 1084 2424 Quod
1110 2368 1147 2410 si
1173 2382 1248 2410 eas
1275 2373 1496 2417 tenemus,
1526 2372 1635 2410 tunc
1662 2367 1812 2409 detra—

110 2439 226 2480 hunt
257 2439 401 2489 nobis,
436 2439 565 2495 quasi
597 2438 737 2481 simus
768 2439 968 2481 crudeles
996 2444 1041 2480 et
1068 2439 1275 2481 subditos
1307 2453 1524 2481 vexemus
1556 2443 1640 2480 etc.
1674 2438 1811 2480 Videt

112 2504 199 2552 Rtia
226 2510 325 2553 Tua
367 2510 598 2566 utrimque
642 2509 943 2552 incommoda.
977 2511 1045 2552 De
1076 2509 1241 2565 quibus
1272 2523 1375 2551 cum
1407 2511 1460 2552 R.
1494 2510 1542 2551 P.
1566 2509 1813 2552 Visitatore

112 2579 266 2623 fusius.
296 2581 487 2623 Interim
512 2581 705 2623 libenter
729 2580 870 2622 etiam
895 2580 1054 2622 scirem
1080 2580 1367 2622 voluntatem
1393 2582 1448 2622 R.
1475 2581 1599 2622 Tuae
1625 2585 1670 2622 et
1693 2594 1812 2623 reso-

111 2650 332 2694 lutionem
358 2652 413 2694 de
438 2652 508 2694 his
534 2651 758 2694 omnibus.
788 2653 842 2694 R.
873 2652 920 2694 P.
951 2651 1235 2693 Ludovicum
1262 2651 1559 2694 Odescalcum
1586 2665 1683 2693 cras
1708 2651 1813 2693 hinc

61 2735 99 2763 35
113 2721 375 2765 Cracoviam
403 2723 585 2765 mittere
612 2722 877 2778 cogitamus,
902 2722 982 2764 sed
1007 2722 1070 2763 illi
1092 2736 1183 2763 non
1205 2736 1367 2777 parum
1394 2722 1621 2772 timemus,
1651 2722 1813 2764 habuit

113 2792 232 2836 enim
267 2793 338 2836 die
372 2794 548 2837 veneris
582 2799 626 2836 et
663 2793 890 2836 dominica
924 2798 969 2835 et
1003 2793 1098 2835 heri
1133 2793 1243 2834 satis
1277 2807 1462 2848 gravem
1497 2798 1541 2836 et
1577 2793 1812 2836 ardentem

113 2861 287 2907 febrim.
325 2865 487 2907 Valeat
525 2867 579 2908 R.
620 2866 667 2907 P.
705 2865 804 2907 Tua
838 2869 884 2906 et
921 2878 1001 2919 pro
1037 2863 1167 2906 nobis
1202 2869 1312 2906 oret.

246 2935 488 2986 Colosvari‚
530 2949 596 2992 19.
637 2935 927 2991 Septembris.
967 2936 1100 2977 Anno
1138 2935 1322 2977 Domini
1361 2936 1484 2989 1581.

1080 3016 1281 3070 Jacobus
1311 3016 1606 3072 Vagrovicius
1638 3030 1753 3071 mpr.

65 3171 104 3198 4ο
243 3163 257 3184 ¹
287 3163 534 3200 Tevedesbol
564 3166 633 3211 igy
663 3166 768 3200 irta:
802 3166 950 3200 Tertio.

188 3245 292 3270 Fontes
315 3245 422 3272 Rerum
442 3247 727 3280 Transylvanicarum
752 3249 775 3274 1.
1631 3244 1671 3275 13
