2188 3535
366 252 409 287 52
1134 219 1196 252 No
1245 227 1290 261 14
1721 210 1841 254 [1576
1860 208 1973 253 szept
1997 215 2052 250 13.

366 353 621 412 diligentius
647 341 938 391 consideravi,
963 340 1018 381 de
1040 338 1173 380 rebus
1212 333 1349 391 gestis
1374 337 1420 376 et
1448 328 1702 374 virtutibus
1727 327 1852 369 Tuae
1878 318 1964 366 Mtis
1999 322 2059 366 ad

368 428 561 482 aliquem
592 419 742 476 potius
772 409 1067 456 cardinalium
1097 405 1301 454 scribere,
1348 417 1488 459 quam
1520 400 1582 443 ad
1612 400 1758 441 Tuam
1801 394 1909 437 Mtem
1939 407 1948 444 ;
1981 392 2060 436 sed

368 497 474 553 quia
501 495 718 534 incertum
759 482 869 526 mihi
895 484 1006 528 erat,
1035 475 1255 534 quamdiu
1282 472 1544 517 tabellarius
1566 471 1692 512 Tuae
1719 468 1745 509 ll
1771 462 1808 487 ‘³⁵
1848 464 1920 506 hic
1948 462 2059 506 deti-

370 570 560 609 neretur,
585 555 876 614 quotidieque
897 549 1175 596 metuebam,
1199 560 1255 588 ne
1277 545 1370 587 sine
1392 543 1503 586 meis
1530 539 1672 584 literis
1701 537 1760 580 ad
1794 541 1923 578 tuam
1956 533 2063 576 M‘ffl

372 635 546 679 rediret,
588 641 677 670 non
717 636 852 667 ausus
891 635 991 663 sum
1030 618 1270 674 epistolam
1309 619 1457 657 totam
1497 613 1743 654 immutare
1783 612 1828 649 et
1868 603 2064 648 secundo
2093 614 2111 643 5

373 702 630 747 describere,
664 710 719 738 ne
751 695 867 736 forte
895 691 941 733 in
969 689 1118 733 medio
1148 701 1262 744 opus
1287 684 1609 741 imperfectum
1640 680 1841 734 linquere
1873 689 2062 731 cogerer.
2171 659 2175 667 ¹

378 771 679 829 Quamobrem
729 765 865 812 illam,
931 760 1077 817 qualis
1126 763 1207 807 est,
1258 758 1358 800 Tua
1405 753 1624 797 Maiestas
1680 748 1874 804 benigno
1917 745 2067 788 animo

373 850 416 886 et
437 840 565 884 hilari
585 838 717 880 vultu
737 832 966 889 suscipiat.
990 829 1188 873 Dabitur
1207 827 1318 870 alias
1337 826 1528 868 fortasse
1562 820 1741 865 occasio
1760 817 1917 866 maior,
1939 816 2069 872 plura

373 920 417 956 et
447 909 618 955 meliori
647 906 802 950 ordine
833 904 887 946 de
919 903 1018 945 Tua
1047 898 1124 942 Mte
1148 896 1384 941 scribendi.

489 983 588 1024 Iam
635 976 873 1034 epistolam
930 971 1291 1027 obsignaveram,
1349 980 1455 1008 cum
1497 963 1611 1007 mihi
1657 976 1684 1004 a
1726 959 1926 1016 quodam
1968 957 2072 999 111¹¹²0
2084 969 2118 998 ιο

376 1061 420 1098 et
460 1049 738 1109 pientissimo
777 1043 995 1088 cardinali
1035 1039 1303 1083 nunciatum
1342 1041 1425 1085 est,
1467 1032 1784 1091 perfectiorem
1823 1043 1924 1072 eam
1962 1027 2070 1076 fore,

379 1126 415 1168 si
433 1125 486 1166 de
503 1120 692 1175 Georgio
710 1131 888 1174 quoque
906 1112 1159 1157 Blandrata
1170 1108 1448 1152 mentionem
1463 1106 1667 1161 aliquam
1684 1102 1899 1150 facerem;
1918 1099 2074 1154 itaque

380 1197 426 1239 in
448 1193 639 1250 gratiam
661 1190 754 1232 eius
775 1186 930 1243 paucis
952 1184 1006 1226 de
1027 1183 1102 1225 illo
1122 1183 1270 1224 Tuam
1290 1179 1399 1221 Mtem
1430 1174 1768 1220 admonendam
1789 1170 1912 1214 duxi.

496 1262 756 1306 Offenderat
787 1258 955 1300 multos
993 1267 1152 1310 graves
1182 1251 1303 1294 viros
1333 1254 1378 1291 et
1411 1247 1586 1291 animos
1616 1257 1773 1288 eorum
1805 1256 1832 1285 a
1859 1242 1958 1284 Tua
2000 1238 2076 1281 Mte

383 1333 714 1391 aliquantulum
763 1329 1054 1374 alienaverat,
1106 1322 1219 1365 illud
1266 1319 1570 1377 potissimum,
1622 1314 1747 1372 quod
1779 1311 2076 1356 Blandratam
2091 1317 2124 1347 15

385 1405 575 1449 voluerit
596 1404 694 1445 Tua
714 1400 925 1442 Maiestas
946 1411 1026 1439 suo
1048 1394 1229 1437 nomine
1250 1390 1442 1435 oratoris
1463 1388 1593 1444 fungi
1613 1384 1767 1430 officio
1790 1383 1850 1426 ad
1869 1385 2078 1424 senatum

387 1475 660 1520 Polonicum.
699 1470 872 1527 Quibus
913 1466 1098 1511 tametsi
1140 1477 1319 1521 possem
1361 1461 1540 1504 duobus
1582 1456 1734 1500 modis
1776 1452 2044 1510 respondere
2068 1465 2077 1502 ;

386 1548 581 1604 primum
597 1543 719 1599 quod
733 1556 814 1583 usa
830 1539 964 1582 fuerit
980 1539 1079 1580 Tua
1094 1535 1307 1578 Maiestas
1329 1532 1424 1575 eius
1446 1544 1596 1586 opera,
1617 1525 1887 1570 necessitate
1906 1525 2077 1570 coacta,

388 1617 511 1674 quod
536 1621 644 1657 tunc
671 1627 759 1655 non
785 1612 972 1653 haberet
999 1607 1139 1651 alium
1164 1605 1313 1648 virum
1339 1602 1584 1649 eruditum,
1613 1598 1686 1642 cui
1712 1596 1854 1640 simile
1880 1592 2081 1637 officium

389 1703 491 1731 cum
506 1688 673 1729 honore
695 1698 775 1726 suo
798 1680 1084 1724 committere
1105 1680 1257 1733 posset
1279 1689 1288 1726 ;
1313 1673 1475 1716 deinde
1491 1671 1615 1728 quod
1630 1671 1716 1712 hoc
1733 1679 1913 1723 quoque
1929 1662 2083 1706 divino
2096 1673 2130 1702 20
2180 1715 2184 1722 l

395 1761 568 1802 factum
597 1759 711 1798 esset
741 1752 936 1800 consilio,
968 1755 1020 1792 ut
1050 1752 1206 1805 aperte
1235 1745 1445 1789 omnibus
1475 1743 1875 1786 demonstraretur,
1907 1733 2084 1778 electio-

394 1844 497 1872 nem
519 1823 604 1870 Mtis
650 1827 773 1868 Tuae
796 1838 887 1866 non
910 1822 968 1865 ab
989 1819 1262 1866 hominibus,
1288 1816 1367 1859 sed
1389 1829 1417 1858 a
1439 1815 1536 1857 Deo
1560 1809 1840 1868 processisse,
1865 1806 1944 1862 qui
1967 1804 2087 1848 solus

395 1899 522 1942 novit
539 1903 583 1940 et
601 1902 750 1953 potest
775 1894 1084 1950 improborum
1103 1894 1148 1932 et
1170 1888 1413 1944 impiorum
1431 1883 1669 1927 hominum
1693 1878 1890 1927 consilia,
1914 1876 2088 1919 labores

401 1976 446 2013 et
469 1982 700 2025 perversos
722 1966 859 2009 etiam
882 1968 1072 2007 conatus
1093 1961 1140 2002 in
1162 1960 1407 2002 electorum
1430 1968 1614 1998 suorum
1635 1951 1884 1995 utilitatem
1906 1959 2089 1990 conver-

403 2047 509 2083 tere.
552 2039 662 2095 Quis
695 2037 814 2079 enim
848 2049 939 2078 non
973 2033 1099 2076 videt
1133 2029 1344 2073 humanis
1378 2025 1573 2070 consiliis
1606 2023 1702 2066 fieri
1736 2035 1827 2064 non
1861 2031 2003 2075 posse,
2039 2019 2138 2057 ut²5
2171 2015 2181 2035 '⁶

405 2110 653 2154 catholicus
684 2108 890 2164 princeps
921 2106 980 2148 ab
1011 2102 1279 2146 electoribus
1307 2097 1545 2142 haereticis
1575 2100 1620 2138 et
1652 2108 1731 2150 per
1761 2095 1986 2135 oratorem
2017 2085 2094 2129 tri-

403 2181 617 2224 nitarium
640 2179 686 2221 in
708 2192 856 2233 regem
879 2174 1113 2219 christiani
1135 2171 1292 2229 populi
1314 2170 1564 2225 eligeretur,
1589 2165 1675 2208 nisi
1697 2162 1874 2207 occulto
1897 2158 2096 2216 quodam

401 2257 445 2295 et
471 2249 724 2294 admirabili
749 2248 833 2291 Dei
857 2246 1056 2289 iudicio?
1087 2245 1212 2287 Haec
1238 2240 1446 2298 quaestio
1472 2236 1684 2294 quamvis
1708 2235 1776 2277 ita
1799 2231 1914 2275 solvi
1938 2227 2094 2286 possit,

404 2322 560 2365 melius
585 2326 738 2363 tamen
766 2318 926 2361 honori
946 2318 1070 2359 Tuae
1092 2309 1200 2363 M‘³⁵‚
1226 2311 1362 2356 saluti
1387 2315 1432 2353 et
1457 2307 1649 2351 utilitati
1673 2302 1945 2361 reipublicae
1969 2298 2097 2342 Polo-

406 2394 504 2435 niae
532 2391 763 2448 provisum
791 2394 920 2438 esset,
951 2388 988 2430 si
1015 2400 1154 2443 quam
1181 2382 1440 2439 longissime
1467 2379 1698 2422 hominem
1724 2376 1851 2418 illum
1878 2387 1905 2415 a
1931 2385 1977 2414 se
2002 2370 2143 2412 Tua-w

410 2464 621 2505 Maiestas
651 2462 892 2516 ablegaret.
918 2460 1037 2501 Nam
1060 2457 1097 2500 si
1119 2454 1314 2498 consiliis
1344 2453 1439 2495 eius
1469 2464 1551 2493 usa
1579 2450 1679 2492 Tua
1708 2445 1921 2489 Maiestas
1952 2438 2098 2488 fuerit,

416 2532 743 2589 periclitabitur
769 2532 889 2574 salus
916 2528 1099 2586 propria
1124 2531 1169 2569 et
1197 2524 1484 2568 subditorum
1504 2535 1513 2572 ;
1543 2534 1634 2577 qua
1660 2517 1834 2561 ratione
1861 2513 1980 2556 enim
2007 2523 2102 2567 per-

417 2603 555 2645 vertit
580 2603 804 2656 joannem
827 2600 1072 2644 vaivodam
1096 2602 1141 2640 et
1165 2609 1369 2653 proceres
1390 2589 1758 2648 Transylvaniae‚
1784 2585 1942 2629 eadem
1964 2586 2010 2625 et
2032 2580 2103 2622 hic

418 2674 464 2714 in
509 2673 694 2714 Polonia
736 2672 910 2714 ratione
954 2669 1194 2713 conabitur
1236 2665 1523 2709 nobilitatem
1567 2661 1763 2717 primum
1807 2664 2102 2709 corrumpere,

417 2743 576 2784 deinde
619 2744 808 2797 plebem.
855 2742 900 2784 Si
943 2746 1095 2784 autem
1138 2735 1372 2781 medicinis
1412 2734 1507 2776 eius
1539 2733 1638 2774 Tua
1678 2728 1891 2772 Maiestas
1932 2727 2138 2770 utatur,³

425 2813 605 2867 (dicitur
631 2813 747 2854 enim
773 2812 1046 2868 professione
1072 2824 1165 2852 esse
1191 2806 1405 2860 medicus)
1436 2803 1683 2860 periculum
1708 2795 1962 2842 imminebit
1987 2792 2106 2837 vale-

425 2882 571 2924 tudini
601 2883 807 2937 corporis.
839 2883 987 2925 Facile
1015 2881 1135 2924 enim
1163 2879 1256 2921 sive
1285 2892 1312 2919 a
1339 2874 1520 2932 propria
1550 2871 1725 2915 malitia
1751 2868 1984 2924 impulsus,
2014 2863 2107 2906 sive

422 2954 481 2995 ab
514 2953 611 2994 aliis
643 2953 875 2995 haereticis
908 2954 1184 2995 subornatus
1217 2962 1298 3004 pro
1332 2945 1540 2989 antidoto
1573 2955 1798 2984 venenum
1832 2932 2104 2994 propinabit.

424 3022 596 3065 Deinde
634 3037 722 3063 non
772 3028 837 3064 est
874 3028 1041 3065 temere
1077 3020 1311 3063 fidendum
1346 3013 1678 3058 haeresiarchis.
1718 3012 1954 3054 Hactenus
1989 3003 2108 3048 enim

424 3106 673 3149 perpaucos
698 3093 893 3135 vidimus
918 3094 1086 3135 sincere
1111 3105 1167 3133 ex
1191 3089 1276 3131 illis
1301 3099 1552 3130 conversos.
1597 3082 1821 3126 Simulant
1847 3079 1907 3122 ad
1931 3082 2134 3131 tempus4

424 3162 595 3205 astutia
625 3163 823 3217 quadam
871 3163 1141 3219 serpentina,
1186 3174 1231 3202 se
1263 3157 1463 3201 eiusdem
1493 3169 1587 3198 esse
1618 3151 1854 3208 religionis,
1887 3147 2014 3190 cuius
2043 3147 2110 3187 est
