2188 3535
222 1833 291 1860 Okt.
316 1839 359 1859 21.

375 207 445 242 194
1134 184 1209 218 No.
1236 185 1284 219 62
1712 183 1823 227 [1581
1860 185 1986 229 szept.
2012 193 2063 220 20

502 311 587 354 Hic
619 321 771 352 rumor
802 310 867 347 est
900 303 1056 351 Albae,
1090 306 1141 343 ut
1175 299 1285 343 mihi
1317 300 1471 344 scribit
1505 302 1553 344 P.
1589 301 1799 350 Lelesius,
1832 314 1983 356 regem
2014 300 2062 343 in

372 381 597 426 Moscovia
625 390 817 424 caesum,
848 372 972 429 quod
998 373 1122 414 Deus
1149 386 1282 414 omen
1310 375 1504 415 avertat.
1534 372 1661 414 Tunc
1689 376 1809 413 certe
1837 370 2062 427 periclita-

371 458 492 495 retur
521 452 604 492 hoc
634 445 881 500 collegium,
931 457 1034 485 cum
1064 456 1210 498 neque
1240 442 1388 485 adhuc
1419 442 1718 485 statutionem
1750 441 1986 484 fecerimus
2016 446 2063 484 et

371 525 491 565 Deus
532 519 615 562 scit
657 515 875 572 quidnam
922 512 1028 555 hinc
1070 518 1431 570 consequeretur.
1479 513 1748 556 Videbimus
1793 517 1965 561 tamen,
2010 517 2063 554 ut

369 594 472 635 huic
503 586 789 631 incommodo
819 584 970 640 aliquo
998 583 1135 626 modo
1170 598 1470 626 occurramus.
2095 592 2114 620 5

492 678 703 719 Kaloi-ime
723 691 735 715 .·
764 675 1007 714 Admodum
1037 670 1115 713 Rd0
1141 675 1183 713 in
1207 674 1371 714 Christo
1393 674 1505 726 patri
1528 674 1573 713 P.
1596 673 1770 713 Claudio
1799 673 2063 725 Aquavivae,

366 737 604 792 praeposito
636 734 816 787 generali
849 733 1070 773 Societatis
1104 733 1218 784 Jesu.
1254 734 1428 772 Rornae.

637 815 828 859 (Eredeti,
857 813 1081 858 sajatkezti,
1110 824 1135 848 a
1162 813 1457 859 Jezsuita-rend
1484 813 1793 856 leveltaraban.)

1185 930 1256 974 62.

824 1020 1074 1068 Kolozsvar,
1109 1020 1222 1073 1581
1253 1019 1507 1075 szeptember
1537 1031 1605 1062 20.
2080 1040 2116 1068 10

488 1115 533 1153 P.
562 1112 713 1163 Wujek
741 1111 880 1162 Jakab
911 1111 956 1149 P.
987 1110 1212 1162 Aquaviva
1243 1109 1417 1149 Claudio
1446 1108 1946 1160 jezsuita-generalisnak.

496 1196 670 1235 Beku'ldi
701 1208 724 1233 a
757 1195 817 1233 kat
848 1192 982 1232 utobbi
1013 1191 1370 1244 orszdggyzllbsnek
1403 1205 1426 1230 a
1460 1191 1815 1242 iezsuita-atya'kra
1854 1190 2069 1230 vonatkozd

369 1256 564 1295 korldtozo
594 1254 765 1306 vtgzefsei
793 1254 978 1304 szovegeit.

501 1339 760 1382 Admodum
799 1331 876 1380 Rde
913 1336 959 1378 in
998 1335 1175 1379 Christo
1212 1336 1360 1378 Pater.
1403 1337 1498 1377 Pax
1537 1334 1714 1378 Christi.

502 1411 570 1452 Ne
612 1409 722 1466 quid
759 1403 859 1451 Rtjae
895 1409 1019 1450 Tuae
1069 1407 1129 1450 ad
1178 1407 1359 1462 plenam
1396 1411 1546 1449 status
1581 1405 1727 1448 nostri
1764 1404 2067 1461 cognitionem
2082 1416 2117 1445 15

372 1482 523 1524 deesse
551 1481 772 1531 videatur,
805 1479 940 1522 mitto
963 1483 1008 1521 et
1032 1480 1226 1521 Decreta
1259 1477 1382 1533 regni
1410 1476 1768 1533 Transylvaniae
1796 1476 1842 1518 in
1871 1475 2068 1519 comitiis

372 1553 427 1595 de
465 1552 689 1595 Societate
726 1552 833 1593 lata.

502 1645 678 1684 Articuli
707 1644 961 1683 dominorum
980 1642 1276 1694 regnicolarum
1299 1641 1621 1692 Transylvaniae
1645 1645 1679 1679 et
1702 1641 1883 1692 partium
1897 1637 2070 1691 [regni]

379 1705 617 1757 Ungariae
602 1719 646 1744 in
663 1704 836 1743 comitiis
865 1716 1000 1743 eorum
1029 1702 1272 1754 partialibus
1291 1701 1446 1741 Tordae
1462 1701 1514 1740 ad
1527 1701 1674 1751 festum
1690 1700 1876 1739 undecim
1892 1698 2071 1739 millium

373 1765 593 1816 virginum
626 1777 733 1803 anno
763 1763 936 1803 Domini
965 1772 1072 1814 1579
1103 1762 1304 1801 celebratis
1335 1761 1465 1800 editi:
2085 1771 2122 1799 20

502 1824 661 1863 Deinde
704 1823 997 1874 benignissime
1039 1822 1232 1867 Domine,
1283 1821 1564 1860 intelleximus
1621 1819 1762 1858 literas
1813 1812 1925 1858 Sermi
1966 1818 2072 1870 regis

374 1884 569 1923 Poloniae
604 1883 727 1922 simul
773 1883 903 1921 etiam
957 1882 1071 1920 Tuae
1108 1881 1244 1921 Cels¹²¹S
1280 1880 1539 1932 percepimus
1574 1878 1855 1924 voluntatem,
1901 1891 1986 1930 qua
2019 1890 2073 1916 ex

371 1956 497 1982 causa
514 1948 629 1981 mota
648 1943 730 1982 Sua
747 1942 943 1981 Maiestas
961 1941 1172 1992 Jesuitas
1163 1953 1204 1979 111
1221 1952 1408 1991 regnum,
1426 1939 1624 1978 nimirum
1642 1942 1814 1990 propter
1834 1937 2071 1977 adolescen-

372 2000 480 2042 tium
503 2002 813 2041 institutionem
835 2000 1117 2040 introduxerit
1139 2005 1181 2038 et
1205 1999 1248 2038 in
1272 1999 1393 2038 certis
1416 1999 1516 2037 10015
1536 1997 1748 2037 considere
1772 1997 1930 2036 fecerit.
1950 1997 2073 2036 Hanc

373 2062 428 2100 ob
451 2074 621 2100 causam
644 2061 928 2113 supplicamus
952 2060 1066 2099 Tuae
1097 2053 1229 2103 Celsffl',
1252 2063 1300 2097 ut
1330 2059 1372 2097 in
1396 2071 1522 2111 quem
1549 2054 1677 2096 finem
1705 2056 1937 2096 introducti
1957 2061 2071 2101 sunt,
2087 2065 2123 2095 25

372 2121 415 2160 in
448 2133 497 2160 eo
530 2126 700 2160 tantum
733 2124 1022 2172 permaneant,
1065 2119 1171 2158 idest
1206 2131 1258 2157 ne
1291 2123 1412 2157 extra
1444 2118 1598 2157 limites
1631 2129 1803 2156 suorum
1834 2116 2074 2155 studiorum

371 2181 652 2232 egrediantur,
687 2180 931 2219 contineant
964 2191 1006 2218 se
1040 2179 1082 2217 in
1114 2178 1198 2217 suis
1232 2175 1379 2217 officiis
1413 2182 1455 2216 et
1494 2176 1846 2221 institutionibus,
1880 2188 1931 2214 ne
1964 2175 2074 2214 inter

372 2241 559 2279 diversae
596 2240 802 2291 religionis
840 2239 1031 2278 doctores
1068 2237 1284 2277 contentio
1320 2242 1395 2275 aut
1432 2237 1642 2276 tumultus
1678 2231 1871 2274 oriatur.1

502 2299 680 2338 Articuli
716 2299 973 2338 dominorum
1001 2297 1297 2363 regnicolarum
1332 2297 1456 2335 trium
1498 2296 1712 2335 nationum
1750 2294 2074 2359 Transylvaniae

374 2363 407 2397 et
444 2359 625 2410 partium
662 2359 778 2410 regni
820 2357 1029 2409 Ungariae
1066 2357 1111 2396 in
1149 2356 1324 2395 comitiis
1361 2369 1496 2395 eorum
1545 2354 1796 2406 generalibus
1833 2353 1879 2392 in
1917 2353 2125 2392 civitateao

376 2418 407 2457 C
411 2418 690 2457 olosuariensi.
715 2418 837 2456 Anno
860 2416 1033 2456 Domini
1054 2417 1160 2466 1581
1183 2416 1235 2454 ad
1254 2415 1437 2467 primum
1459 2415 1565 2454 diem
1590 2413 1706 2453 Maii
1727 2425 1774 2452 ex
1795 2412 1918 2451 edicto
1940 2417 2073 2451 nostro

376 2473 574 2516 celebratis
604 2477 702 2516 editi
721 2490 734 2515 .·

503 2536 564 2573 De
603 2548 729 2575 causa
765 2535 973 2586 religionis
1009 2534 1069 2574 sic
1104 2547 1249 2573 sumus
1283 2533 1430 2573 locuti.
1477 2530 1829 2585 Quandoquidem
1865 2529 1950 2568 iam
1988 2529 2073 2572 Sua

378 2593 588 2632 Celsitudo
633 2595 1017 2634 Colosmonostram
1059 2598 1102 2633 et
1137 2593 1443 2644 Claudiopolim
1474 2591 1710 2631 introduxit
1740 2587 1955 2628 Romanae
1978 2586 2072 2627 fidei

377 2651 565 2691 doctores
592 2659 762 2704 propter
791 2651 1122 2693 adolescentium
1152 2652 1464 2692 institutionem
1495 2656 1537 2690 et
1570 2650 1701 2689 Albae
1734 2649 1871 2700 Juliae
1903 2659 2125 2700 quoque35

366 2712 622 2750 «coenobium
664 2713 742 2752 illis
786 2713 977 2759 tradidit,
1021 2712 1264 2751 doctoribus
1304 2711 1462 2750 scilicet
1504 2709 1663 2761 collegii
1706 2707 1925 2748 Societatis
1969 2708 2068 2758 Jesu

378 2770 607 2808 secundum
635 2772 936 2811 confessionem
951 2777 993 2811 et
1011 2771 1310 2811 conscientiam
1333 2770 1440 2809 Suae
1457 2764 1594 2810 Cels¹²³⁵
1609 2782 1619 2816 ;
1654 2768 1718 2807 his
1734 2779 1830 2819 ergo
1846 2766 2071 2818 praedictis

380 2827 479 2866 locis
506 2829 560 2867 511
589 2829 671 2869 Sua
699 2831 911 2870 Celsitudo
939 2834 1141 2870 contenta
1168 2834 1210 2869 et
1238 2829 1280 2868 in
1308 2829 1390 2868 alia
1415 2841 1528 2867 nova
1554 2828 1646 2866 loca
1673 2826 1740 2866 vel
1768 2827 1975 2873 civitates,
2004 2825 2072 2864 vel

381 2899 508 2937 pagos
533 2888 652 2927 istius
676 2890 790 2940 regni
814 2890 1056 2929 huiusmodi
1080 2889 1273 2928 doctores
1298 2888 1341 2927 vi
1365 2892 1440 2927 aut
1465 2887 1588 2927 11111115
1613 2886 1807 2937 deinceps
1831 2897 1916 2924 non
1941 2885 2070 2926 intro-

381 2945 522 2992 ducat,
549 2959 681 2998 neque
707 2949 885 2999 plantet.
913 2949 994 2988 Sed
1018 2949 1061 2987 in
1086 2948 1201 2988 omni
1225 2948 1316 2986 loco
1341 2952 1383 2985 et
1409 2947 1451 2986 in
1476 2946 1672 2987 omnibus
1697 2945 1878 2996 templis,
1905 2943 2123 3009 31111911140

382 3004 603 3043 doctores
594 3018 634 3043 111
659 3007 831 3056 pacifico
853 3021 929 3047 suo
951 3012 1069 3048 statu
1091 3010 1380 3058 permaneant.
1406 3006 1473 3044 Ita
1496 3010 1653 3051 tamen,
1678 3009 1727 3043 ut
1749 3005 1784 3044 51
1806 3004 1948 3056 3119113
1971 3003 2070 3042 01ν1-

513 3094 526 3115 ²
554 3095 587 3128 A
619 3096 809 3141 vegzesek
839 3109 883 3132 ez
917 3107 950 3142 5.
983 3097 1148 3144 pontjat
1178 3097 1474 3142 1d.magyarul
1505 3107 1552 3130 az
1584 3095 1746 3141 Erdelyi
1779 3094 2072 3141 orszaggyt'ilesi

385 3151 563 3185 emlekek
587 3152 662 3186 111.
687 3154 770 3187 kot.
799 3165 880 3200 143.
904 3156 929 3189 l.
