2188 3535
352 212 398 237 10
1124 181 1198 215 No.
1232 191 1256 223 4
1734 169 1851 214 [1574
1881 165 1952 210 jul.
1991 173 2030 210 15

346 319 564 376 pinquare
596 311 807 357 audeant,
841 301 1073 361 praecipit,
1108 302 1289 354 portam
1319 294 1433 337 arcis
1463 290 1664 335 celeriter
1695 285 1865 342 aperire
1894 283 2035 332 iubet,

347 396 447 433 tum
486 398 602 442 equo
641 390 881 424 conscenso
920 386 1024 421 uno,
1066 374 1147 412 aut
1186 368 1328 410 altero
1368 363 1538 407 famulo
1576 365 1622 403 et
1662 358 1807 401 tribus
1846 353 2038 411 panibus

348 474 428 517 pro
454 456 619 500 viatico
644 446 904 502 assumptis,
932 444 1018 485 iter
1041 441 1265 483 Viennam
1290 449 1445 480 versus
1469 431 1731 488 ingreditur,
1759 440 1838 483 per
1862 428 2040 467 montes

347 536 393 574 et
412 529 547 571 silvas
565 524 635 566 die
654 524 882 573 noctuque
901 511 1169 557 oberrans.11
1187 510 1291 552 Non
1321 506 1441 549 enim
1467 504 1666 547 audebat
1685 513 1764 556 per
1781 496 1878 540 vias
1896 493 2041 550 publi-

348 614 424 643 cas
446 599 532 640 iter
552 595 710 640 facere,
736 591 987 645 propterea,
1012 581 1137 639 quod
1158 581 1204 622 in
1225 579 1311 621 illis
1331 577 1538 631 Bathory
1569 572 1734 616 milites
1765 568 2040 613 collocasset,
2073 571 2090 598 5

350 670 428 727 qui
458 665 680 721 fugientes
710 659 1016 704 observarent,
1049 649 1481 707 comprehenderent
1510 650 1556 687 et
1586 642 1901 685 interficerent.
1935 637 2043 678 Post

348 741 522 795 aliquot
562 732 749 776 tandem
787 729 882 772 dies
920 723 1157 769 incolumis
1187 721 1412 764 Viennam
1451 716 1510 759 ad
1548 711 1910 758 Maximilianum
1949 719 2045 762 per-

487 874 678 920 Interim
699 886 779 915 arx
809 869 949 927 ipsius
980 867 1126 910 Bekes
1157 862 1235 906 vix
1266 858 1511 917 quatriduo
1543 856 1807 911 oppugnata
1838 849 1958 891 ultro
1990 848 2047 889 ab

352 952 447 995 eius
469 946 651 992 famulis
672 943 871 986 traditur
891 939 1123 995 Stephano
1145 934 1351 987 Bathory
1366 931 1451 972 hac
1467 926 1737 973 conditione,
1754 927 1807 964 ut
1822 919 1950 962 liberi
1964 917 2050 974 ipsi
2062 924 2097 951 1⁰
2153 926 2176 961 ·.

356 1021 662 1066 dimittantur.
717 1013 891 1071 Quibus
934 1024 1026 1052 non
1070 1006 1192 1063 prius
1237 1001 1430 1045 facultas
1474 995 1671 1041 abeundi
1713 998 1782 1036 est
1825 1002 2048 1038 concessa,
2172 975 2177 1003 ²

353 1107 494 1150 quam
517 1091 717 1132 iurarent
749 1099 795 1128 se
826 1082 937 1126 nihil
961 1095 1016 1123 ex
1040 1077 1170 1121 bonis
1194 1072 1379 1121 domini,
1406 1075 1486 1113 aut
1511 1070 1724 1110 thesauro
1747 1062 1871 1118 regni
1894 1073 2051 1116 expor-

355 1169 563 1212 taturos;
610 1158 689 1216 qui
731 1157 939 1199 iurarunt
983 1149 1269 1207 perlibenter,
1315 1142 1395 1186 sed
1438 1154 1529 1183 non
1573 1138 1885 1180 observarunt.
1933 1131 2054 1173 Nam

355 1234 531 1278 occulte
550 1237 706 1273 tamen
723 1242 780 1270 ex
798 1227 1011 1268 thesauro
1030 1233 1187 1263 eorum
1205 1216 1395 1274 quisque
1415 1209 1620 1259 abstulit,
1641 1210 1868 1264 quantum
1885 1201 2051 1259 potuit.

357 1308 469 1350 Erat
505 1307 661 1347 autem
694 1301 934 1342 thesaurus
967 1294 1039 1335 ille
1074 1292 1132 1333 ab
1167 1286 1367 1343 antiquis
1401 1283 1580 1338 regibus
1611 1276 1837 1333 Ungariae
1874 1273 2056 1316 relictus
2069 1277 2104 1304 15

357 1383 404 1420 et
424 1403 470 1408 —
488 1380 541 1417 ut
568 1372 679 1416 mihi
701 1369 889 1427 quidam
911 1380 934 1408 e
957 1360 1210 1421 praecipuis
1232 1355 1414 1400 famulis
1436 1355 1581 1397 Bekes
1603 1349 1758 1392 retulit
1780 1373 1825 1378 --
1847 1342 2057 1401 copiosis-

359 1449 512 1495 simus,
551 1445 677 1492 adeo,
715 1446 768 1483 ut
804 1437 995 1495 plurime
1031 1439 1076 1476 et
1113 1429 1368 1474 vastissime
1403 1438 1504 1468 arce
1540 1423 1689 1470 ferret,
1727 1417 1897 1475 partim
1933 1427 2056 1463 auro,

363 1518 531 1575 partim
559 1517 759 1569 argento,
791 1508 960 1565 partim
987 1502 1182 1548 baltheis
1210 1505 1255 1543 et
1285 1497 1456 1542 catenis
1484 1493 1642 1542 aureis,
1675 1489 1843 1547 partim
1871 1484 2060 1542 gemmis

363 1584 709 1646 pretiosissimis,
753 1580 943 1624 refertae
989 1578 1137 1618 essent
1183 1577 1228 1614 et
1274 1571 1391 1612 inter
1436 1564 1718 1620 margaritas,
1766 1559 1945 1615 aliquae
1990 1568 2058 1609 30,

362 1660 475 1703 aliae
514 1670 584 1712 40,
625 1655 739 1697 aliae
779 1663 847 1706 50,
889 1646 1130 1691 nonnullae
1175 1642 1316 1685 etiam
1353 1641 1409 1683 60
1449 1636 1647 1680 millibus
1698 1630 2059 1675 aestimarentur.
2075 1637 2110 1665 20
2173 1658 2176 1673 ,

366 1730 609 1774 Referebat
648 1725 801 1773 etiam,
843 1735 888 1764 se
927 1717 1148 1761 rosarium
1186 1715 1357 1757 Beatae
1385 1706 1581 1764 Virginis
1619 1719 1675 1746 ex
1715 1701 1837 1759 puris
1875 1696 2065 1755 gemmis

365 1799 670 1857 compositum
713 1796 827 1838 adeo
871 1790 1121 1848 pretiosum
1165 1781 1463 1839 conspexisse,
1509 1782 1562 1820 ut
1606 1774 1805 1831 pretium
1848 1771 1943 1813 eius
1987 1767 2064 1810 vix

367 1870 658 1929 septuaginta
685 1866 882 1910 millibus
909 1860 1024 1905 solvi
1050 1861 1214 1915 posset.
1245 1851 1464 1898 Credibile
1491 1853 1559 1892 est
1586 1845 1700 1889 illud
1725 1844 1861 1886 fuisse
1887 1839 2066 1896 reginae

367 1943 555 1987 alicuius
578 1938 816 1995 Ungariae.
843 1932 1012 1978 Eiectis
1036 1928 1223 1973 tandem
1246 1940 1302 1968 ex
1326 1937 1426 1967 arce
1446 1918 1627 1964 famulis
1655 1917 1814 1964 Bekes,
1844 1913 2068 1968 ingressus

368 2019 436 2058 est
475 2014 522 2056 in
560 2026 660 2055 eam
698 2010 905 2061 Bathory
943 2017 1048 2046 cum
1085 1996 1338 2056 praecipuis
1389 1990 1647 2050 proceribus
1696 1981 2115 2040 Transylvaniae,25
2172 1988 2174 1990 ·

371 2099 498 2143 quos,
539 2088 591 2126 ut
632 2080 791 2124 melius
830 2076 915 2119 sibi
954 2071 1226 2118 conciliaret,
1267 2080 1379 2110 vasa
1417 2077 1553 2106 aurea
1593 2065 1638 2102 et
1678 2060 1892 2113 argentea
1929 2051 2070 2109 ipsius

372 2158 517 2201 Bekes
554 2155 672 2196 inter
708 2164 783 2193 eos
821 2144 1082 2194 distribuit;
1122 2143 1387 2183 thesaurum
1424 2133 1548 2190 regni
1585 2136 1630 2173 et
1669 2142 1819 2172 arcem
1856 2126 1903 2168 in
1939 2136 2070 2166 suam

376 2231 653 2285 potestatem
687 2219 868 2276 recepit.

502 2298 638 2340 Hunc
658 2295 705 2336 in
725 2290 913 2335 modum
933 2285 1102 2331 bellicis
1122 2280 1397 2325 tumultibus
1417 2275 1585 2319 sedatis
1605 2277 1650 2315 et
1671 2272 1802 2314 hoste
1822 2265 2071 2310 domestico

375 2371 532 2418 eiecto,
560 2365 708 2422 coepit
733 2375 886 2406 rursus
910 2356 1160 2401 catholicus
1184 2352 1391 2409 princeps
1416 2347 1617 2390 animam
1642 2343 1702 2385 ad
1726 2336 2073 2383 restaurandam
2084 2345 2120 2372 30
2184 2360 2188 2370 .

377 2440 636 2496 religionem
664 2434 890 2492 applicare
918 2434 964 2472 et
994 2425 1270 2471 Blandratae
1287 2422 1323 2449 ¹²
1344 2419 1571 2476 (primum,
1591 2414 1670 2472 qui
1691 2409 1913 2455 haeresim
1929 2405 2072 2450 Trini-
2174 2396 2175 2404 ¹

379 2511 597 2554 tariorum
624 2509 671 2550 in
696 2500 1075 2560 Transylvaniam
1102 2492 1370 2541 introduxit,
1413 2488 1596 2532 natione
1625 2485 1757 2533 Italo,
1800 2478 2074 2538 professione

380 2582 567 2635 medico)
603 2577 832 2622 silentium
862 2571 1040 2620 indixit,
1072 2582 1128 2611 ne
1158 2564 1342 2609 omnino
1372 2559 1544 2616 aliquid
1572 2556 1763 2600 scribere
1794 2553 1849 2595 de
1879 2547 2076 2594 Sanctis-

380 2654 495 2695 sima
520 2650 743 2694 Trinitate
770 2650 850 2689 aut
879 2644 1110 2699 disputare
1136 2637 1442 2694 praesumeret
1463 2645 1472 2681 ;
1517 2629 1673 2672 eiicere
1708 2631 1864 2667 tamen
1889 2635 1914 2664 e
1939 2631 2096 2675 regno,

383 2738 487 2766 eum
511 2721 669 2770 noluit,
696 2733 751 2761 ne
776 2719 834 2760 ab
857 2711 1094 2758 haereticis
1118 2707 1344 2752 turnultus
1367 2702 1654 2747 excitaretur,
1682 2700 1867 2752 propter
1889 2689 2076 2748 promis·
2088 2698 2123 2726 35

384 2795 554 2837 sionem
613 2792 660 2833 in
718 2787 933 2831 electione
992 2784 1176 2826 factam.
1244 2774 1482 2833 Quendam
1528 2770 1668 2813 alium
1714 2764 2078 2808 concionatorem

385 2867 621 2920 Ungarum
634 2858 930 2904 Trinitarium
945 2857 982 2883 13
1007 2860 1108 2896 tum
1123 2853 1307 2908 propter
1320 2843 1553 2891 haeresim,
1572 2846 1673 2882 tum
1687 2842 1857 2884 autem,
1884 2831 2009 2890 quod
2032 2830 2080 2872 in

386 2935 514 2993 gravi
540 2933 724 2976 crimine
750 2931 895 2973 laesae
923 2922 1176 2969 maiestatis
1202 2914 1581 2975 deprehendisset,
1611 2911 1657 2952 in
1698 2907 1882 2951 exilium
1913 2903 2079 2958 relega-

388 3015 2077 3054 ff

519 3105 549 3125 1¹
578 3103 634 3137 Ez
671 3110 764 3145 1573
798 3097 1016 3133 november
1047 3091 1224 3137 kozepen
1255 3088 1317 3123 tul
1349 3085 1516 3120 tortent.

521 3163 551 3183 ¹²
578 3160 647 3194 Dr.
678 3157 902 3192 Blandrata
929 3152 1092 3199 Gyorgy
1119 3157 1248 3184 orvos.
1332 3144 1362 3165 1³
1391 3143 1468 3177 Ezt
1495 3150 1586 3175 nem
1612 3136 1774 3182 tudjuk,
1804 3134 1845 3168 ki
1873 3131 1970 3167 volt.
2094 3138 2129 3166 40
