2188 3535
115 158 210 204 1576
239 154 336 190 febr.
370 155 482 200 eleje]
875 159 950 194 No.
989 170 1030 205 13
1755 173 1800 206 27

111 279 337 317 testantur
373 274 462 316 fide
501 274 636 330 digni,
692 276 850 318 statim
889 276 1137 319 haereticos
1176 277 1324 319 minus
1364 291 1551 319 ausuros
1591 277 1801 320 videntes

110 345 199 387 iam
227 359 454 387 summum
481 345 742 400 pontificem
770 346 1034 390 inchoatum
1063 347 1246 403 aliquod
1272 347 1667 403 propugnaculum
1695 348 1796 390 fidei

110 416 272 459 habere
303 415 349 458 in
380 415 737 470 Transylvania;
772 417 864 459 iam
896 417 1143 473 principem
1175 418 1449 460 catholicum
1481 422 1673 460 nactum
1705 432 1798 460 esse

111 485 333 542 operarios
379 500 458 528 suo
503 486 597 528 zelo
643 487 974 530 convenientes.
1024 489 1158 530 Cuius
1203 488 1417 544 principis
1461 488 1581 530 zelus
1630 488 1798 544 partim

56 567 78 594 5
110 558 237 606 bello,
271 557 438 613 partim
470 571 550 612 pro
583 557 797 600 tribunali
830 559 998 600 multos
1028 559 1277 601 haereticos
1312 559 1483 601 nobiles
1515 559 1796 608 Trinitarios,

111 628 188 685 qui
219 628 259 670 ei
290 628 629 679 rebellaverant,
662 642 684 670 e
708 628 855 670 medio
889 629 1085 679 sustulit,
1110 629 1187 678 ita,
1220 634 1272 671 ut
1305 629 1381 672 illa
1414 634 1549 678 secta,
1586 643 1703 685 quae
1737 629 1799 672 ibi

110 699 231 755 prius
254 699 479 749 floruerat,
503 699 700 741 multum
722 699 777 741 de
804 713 884 741 suo
913 699 1059 741 furore
1087 699 1306 742 remisisse
1334 699 1557 749 Videatur,
1587 700 1798 756 quamvis

108 773 260 812 manet
311 769 459 811 adhuc
509 769 756 811 multitudo
808 769 998 812 aliorum
1049 770 1353 813 sectariorum.
1409 770 1540 812 Idem
1591 770 1798 826 princeps

107 839 388 881 instaurandi
424 839 668 882 catholicas
705 840 910 882 ecclesias
947 840 1128 883 initium
1165 840 1319 883 fecisse
1356 845 1400 882 et
1441 841 1586 883 multo
1625 841 1799 884 maiora

60 918 94 945 1⁰
107 910 152 952 in
191 910 399 952 ecclesiae
437 910 685 952 utilitatem
724 911 869 953 moliri
908 911 1209 953 renunciatur.
1251 912 1425 961 Fertur,
1458 916 1610 966 petere
1649 912 1707 953 ab
1746 926 1798 954 eo

107 980 314 1022 civitates
346 980 580 1036 quasdam,
615 986 666 1022 ut
697 981 830 1023 liceat
862 981 924 1023 eis
954 981 1091 1023 libere
1122 981 1322 1037 profiteri
1351 981 1623 1024 catholicam
1642 982 1794 1031 fidem,

106 1051 228 1106 quod
252 1051 376 1106 prius
401 1056 586 1107 propter
609 1052 939 1094 haereticorum
966 1051 1255 1107 tyrannidem
1280 1065 1371 1093 non
1396 1051 1576 1093 licebat.
1606 1052 1663 1093 Id
1688 1066 1795 1094 vero

104 1121 198 1177 ipse
220 1121 513 1164 libentissime
536 1122 755 1164 concedit.
782 1122 910 1164 Dixit
934 1122 1121 1178 quidam
1143 1135 1334 1177 magnus
1357 1120 1567 1163 dominus
1591 1127 1798 1164 versatus

104 1191 150 1234 in
178 1191 262 1234 illis
290 1192 509 1247 partibus,
540 1206 634 1234 esse
662 1192 724 1234 ibi
753 1193 1009 1241 catholicos,
1033 1192 1202 1234 Siculos
1225 1191 1488 1247 appellatos,
1513 1191 1590 1247 qui
1613 1192 1792 1241 armati,

53 1270 91 1297 15
105 1262 140 1304 si
174 1277 288 1318 opus
321 1263 404 1304 erit
439 1263 682 1305 defendent
716 1263 1002 1304 Societatem.
1046 1263 1253 1317 Quatuor
1285 1261 1377 1304 iam
1411 1261 1541 1303 annis
1575 1262 1795 1304 tractavit

102 1332 174 1374 hic
196 1333 402 1388 princeps
424 1333 479 1375 de
499 1334 584 1375 hac
605 1332 851 1381 missione,4
866 1337 917 1373 ut
940 1346 1076 1387 supra
1090 1332 1362 1382 monuimus,
1381 1346 1407 1374 a
1423 1332 1494 1374 die
1511 1346 1616 1374 vero
1636 1333 1795 1374 Pente-

102 1408 248 1445 costes
279 1418 423 1459 usque
454 1403 599 1452 hodie,
636 1403 906 1445 nominatim
940 1407 1184 1458 expectant
1218 1402 1390 1458 Ungari
1423 1404 1471 1444 P.
1509 1403 1793 1458 Stephanum

101 1474 339 1516 Aratorem
360 1488 464 1516 cum
484 1473 615 1515 sociis
635 1478 681 1515 et
701 1473 924 1515 Viennam
945 1473 1190 1522 venientes,
1215 1473 1484 1529 frequenter.
1510 1474 1582 1515 An
1603 1473 1790 1522 venerit,

100 1543 393 1599 interrogant.
440 1543 627 1599 Scripsit
672 1543 850 1599 saepius
894 1543 1101 1599 princeps
1145 1544 1206 1586 ad
1249 1545 1303 1586 R.
1352 1545 1399 1586 P.
1448 1543 1791 1586 Provincialem.

53 1615 260 1657 20Frater
307 1614 401 1657 eius
448 1614 665 1657 Varadini
713 1615 1003 1670 praefectus‚⁵
1053 1614 1234 1657 cuidam
1282 1614 1522 1657 mercatori
1570 1614 1795 1657 Viennam

102 1684 412 1740 proficiscenti,
438 1685 658 1728 mandata
682 1686 869 1728 dederat
900 1700 1004 1728 cum
1034 1685 1174 1727 literis
1205 1685 1345 1728 etiam
1375 1685 1645 1734 credentiae,
1680 1699 1793 1741 quas

101 1760 278 1804 vocant,
305 1760 357 1797 ut
385 1760 563 1798 nostros
587 1756 692 1798 hinc
716 1756 763 1798 in
787 1756 1165 1811 Transylvaniam
1189 1756 1386 1798 veheret.
1416 1756 1504 1798 Sed
1528 1770 1632 1798 cum
1659 1757 1712 1798 R.
1742 1757 1789 1798 P.

103 1825 392 1868 Provincialis
426 1832 536 1868 tunc
571 1827 763 1875 abesset,
801 1841 882 1869 nec
933 1827 1076 1869 nostri
1127 1831 1275 1869 essent
1327 1826 1488 1882 parati,
1544 1840 1624 1868 nec
1677 1826 1793 1868 ullae

104 1910 131 1938 a
158 1896 354 1939 vaivoda
382 1897 537 1939 literae
568 1898 734 1940 allitae
765 1897 968 1947 fuissent,
1001 1911 1069 1940 res
1099 1897 1251 1953 perfici
1281 1912 1372 1939 non
1402 1896 1568 1952 potuit.
1603 1898 1794 1952 Propter

0 1985 1 2011 1
52 1967 442 2022 25praecedentem
472 1969 589 2010 hanc
622 1968 986 2024 expectationem
1017 1968 1160 2011 maior
1191 1967 1330 2010 etiam
1361 1973 1571 2023 speratur
1602 1967 1790 2016 fructus,

101 2037 136 2079 si
167 2052 257 2080 non
288 2038 475 2094 incipiat
507 2039 629 2081 ultra
662 2039 869 2081 debitum
902 2039 1118 2094 protrahi.

620 2157 655 2199 C
660 2158 814 2199 assatio
846 2158 1266 2212 impedimentorum.

0 2025 4 2239 i
201 2248 500 2291 Occurrerunt
521 2249 606 2292 hoc
628 2263 746 2292 anno
777 2249 936 2291 bellica
964 2249 1190 2305 quaedam
1212 2247 1551 2303 impedimenta.
1575 2246 1792 2288 Primum.

2 2254 6 2387 ι
101 2318 274 2362 Bellum
290 2319 505 2362 adversus
522 2321 748 2362 Bekesum
765 2322 781 2346 ὃ
798 2319 1104 2362 Trinitarium.
1127 2319 1182 2360 Id
1199 2318 1395 2374 primum
1414 2317 1499 2358 fuit
1519 2316 1790 2365 confectum,

3 2391 7 2421 t
50 2398 88 2425 3⁰
101 2403 236 2444 quam
263 2389 476 2432 sciremus
504 2389 639 2432 fuisse
668 2390 859 2432 illatum.
890 2391 1059 2432 Verum
1086 2389 1271 2445 quidem
1299 2394 1380 2437 est,
1411 2388 1535 2443 quod
1561 2388 1636 2429 illa
1663 2401 1789 2429 occa-

4 2423 8 2503 l
100 2459 218 2502 sione
250 2461 407 2503 bassae
439 2461 627 2517 quidam
658 2460 834 2503 Turcici
867 2460 1114 2515 Ungariam
1145 2458 1490 2508 infestaverint;
1526 2458 1606 2500 sed
1637 2462 1682 2500 et
1713 2457 1790 2500 illa

5 2506 9 2589 ἶ
100 2529 214 2572 bella
243 2536 402 2586 postea
432 2536 677 2573 cessarunt.
712 2531 920 2573 Alterum
949 2530 1327 2585 impedimentum
1358 2533 1455 2571 erat
1486 2528 1644 2570 electio
1675 2528 1790 2583 regis

6 2591 10 2644 l
104 2600 325 2651 Poloniae‚
362 2603 486 2658 quod
517 2607 666 2644 essent
701 2601 902 2657 quidam,
938 2601 1016 2656 qui
1050 2605 1265 2655 cuperent
1299 2599 1547 2655 principem
1580 2599 1791 2653 Transyl-

7 2645 11 2725 ἱ
102 2684 268 2714 vanum
298 2673 465 2715 habere
494 2673 541 2714 in
572 2672 760 2715 Polonia
790 2686 952 2727 regern,
986 2671 1065 2713 sed
1095 2685 1198 2712 cum
1228 2670 1320 2712 iam
1350 2670 1408 2712 sit
1440 2670 1608 2712 electus
1638 2674 1793 2711 noster

8 2734 11 2808 ἰ
50 2739 344 2796 35imperator
368 2743 414 2785 in
439 2757 588 2799 regem
615 2742 862 2791 Poloniae,⁷
889 2755 1122 2797 speramus
1148 2741 1466 2784 difficultatem
1492 2741 1615 2783 illam
1641 2740 1790 2782 subla-

9 2809 13 2886 1!
98 2819 1788 2827 W

10 2897 15 3034 ἰ

13 3066 17 3154 l

14 3159 17 3188 ι

16 3309 19 3339 1

17 3354 20 3375 Ι

222 2844 236 2865 ⁴
265 2846 422 2880 Kovete
458 2855 552 2891 1572
584 2846 712 2891 elejen
742 2845 890 2891 jutvan
922 2845 1087 2885 Becsbe,
1119 2856 1144 2879 a
1174 2845 1279 2890 negy
1311 2845 1502 2880 esztendo
1538 2845 1634 2889 1576
1664 2844 1792 2888 elejen

97 2902 170 2936 telt
196 2903 256 2938 be.

221 2960 236 2982 ⁵
264 2960 447 3007 Bathory
478 2962 635 2996 Kristof
664 2961 806 2996 varadi
834 2960 1044 3006 kapitany.

222 3020 237 3041 ⁶
263 3021 357 3056 Irva
389 3022 560 3057 hibasan
591 3023 685 3068 igy:
721 3023 885 3056 Bekem.
922 3021 1107 3066 Bathory
1138 3021 1255 3055 elleni
1288 3021 1506 3066 hadjarata
1544 3029 1635 3065 1575
1673 3019 1791 3053 oszen

51 3075 198 3122 4ofolyt
223 3078 271 3113 16.

223 3136 236 3157 ⁷
266 3135 321 3170 ΙΙ.
349 3136 492 3179 Miksa,
521 3137 705 3183 Bathory
734 3137 877 3171 Istvan
905 3135 1152 3181 vetelytarsa
1181 3147 1204 3170 a
1232 3136 1388 3182 lengyel
1415 3134 1711 3181 kiralysagban.
