2188 3535
181 2346 319 2373 Avaritia.

332 181 405 216 234
1100 160 1173 193 No.
1206 159 1251 203 78
1706 155 1823 201 [1582
1854 154 1937 189 okt.
1976 164 2022 199 19

332 286 451 330 Illud
482 284 663 327 unicum
698 285 880 323 tantum
913 277 1093 324 addam,
1125 275 1250 331 quod
1284 274 1455 330 passim
1487 273 1534 316 in
1567 274 1651 316 hoc
1684 286 1820 328 regno
1842 270 2017 321 dicitur,

332 361 430 399 tam
455 370 482 398 a
507 351 748 399 catholicis,
777 362 915 404 quam
941 346 1000 388 ab
1026 344 1288 387 haereticis:
1317 345 1564 400 Jesuvitas‚
1589 343 1667 400 qui
1694 343 1852 386 volunt
1878 341 2021 384 videri

332 425 490 473 sancti,
520 420 822 466 misericordes
847 422 892 459 et
919 415 1156 472 apostolici
1182 415 1281 465 viri,
1311 416 1580 458 crudelitate
1607 427 1837 470 superasse
1863 426 2019 455 omnes

334 494 578 539 haereticos
620 489 837 536 dominos,
882 486 959 543 qui
1002 490 1109 529 ante
1150 486 1249 529 illos
1295 501 1434 543 pagos
1475 486 1677 542 ipsorum
1708 483 2015 540 possederunt.

341 568 440 621 Quo
473 563 608 618 igitur
641 559 792 603 animo
827 562 961 613 putat
996 571 1068 599 me
1103 571 1197 599 esse
1231 557 1333 600 Tua
1369 556 1653 605 Reverentia,
1691 569 1794 598 cum
1829 552 1940 596 mihi
1972 552 2020 596 in
2051 570 2068 596 5

334 635 492 678 faciem
533 631 641 674 talia
680 628 934 672 severitatis
974 627 1182 684 exempla
1221 627 1500 671 obiiciuntur
1539 642 1566 670 a
1605 624 1836 669 catholicis
1875 628 1921 667 et
1961 625 2020 667 ab

333 701 577 751 haereticis,
606 715 696 743 non
721 713 847 742 secus
872 703 1011 754 atque
1036 697 1073 740 si
1098 713 1179 754 ego
1205 713 1351 741 essem
1377 698 1546 741 causa?
1578 697 1691 740 Cum
1717 695 1884 752 passim
1910 693 2020 738 talia

334 775 470 817 verba
488 773 534 814 in
552 785 633 814 nos
652 770 810 813 iactari
829 769 978 818 audio,
1000 769 1149 812 verbis
1168 774 1356 812 tantum
1375 769 1473 812 aliis
1492 768 1755 825 praedicant
1775 765 2019 809 misericor-

331 845 453 888 diam
481 848 526 885 et
555 840 963 889 mansuetudinem,
995 840 1074 882 sed
1101 839 1234 882 factis
1262 840 1421 883 Turcis
1449 845 1555 883 sunt
1585 837 1864 881 crudeliores.
1903 837 2017 893 Qua,

331 917 526 963 obsecro,
555 912 828 956 conscientia
852 925 1037 967 possum
1063 910 1269 953 homines
1295 911 1355 953 ad
1382 909 1791 958 mansuetudinem,
1819 907 2020 964 benigni·
2038 923 2071 950 10

332 992 476 1029 tatem
499 989 544 1027 et
568 982 854 1027 clementiam
878 980 1122 1030 adhortari,
1149 996 1254 1024 cum
1278 981 1412 1024 factis
1434 987 1479 1024 et
1504 980 1720 1037 exemplis
1744 978 2021 1022 contrarium

331 1058 523 1100 doceant
542 1054 617 1098 alii
635 1058 786 1111 patres
805 1052 970 1095 nostri?
999 1052 1087 1108 Qui
1105 1052 1200 1095 fieri
1219 1057 1385 1109 potest,
1406 1057 1457 1094 ut
1478 1052 1672 1095 durante
1691 1051 1772 1094 tali
1791 1049 2017 1098 scandalo,

331 1128 521 1171 verbum
561 1125 644 1169 Dei
683 1130 728 1168 et
767 1123 1067 1180 Evangelium
1107 1123 1272 1166 Christi
1312 1123 1455 1180 possit
1494 1123 1659 1166 habere
1698 1121 2016 1178 progressum?

333 1200 393 1242 Et
426 1197 537 1240 talia
566 1195 913 1239 inhumanitatis
945 1199 990 1237 et
1023 1193 1306 1237 crudelitatis
1337 1194 1547 1250 exempla
1579 1193 1747 1236 diluere
1779 1191 2020 1234 inficiando

332 1283 422 1312 non
443 1282 639 1325 possum,
678 1267 762 1309 nisi
783 1266 919 1309 velim
940 1279 1123 1308 sensum
1144 1270 1189 1308 et
1211 1265 1538 1322 experientiam
1559 1278 1719 1320 negare
1741 1268 1786 1306 et
1809 1263 2017 1306 tenebras
2037 1277 2070 1304 15

332 1345 490 1383 contra
528 1339 796 1395 prophetam
835 1337 982 1379 lucem
1021 1351 1115 1379 esse
1155 1351 1424 1379 asseverare.
1467 1335 1620 1379 Oculis
1659 1334 1779 1378 enim
1818 1332 2021 1391 quotidie

333 1425 496 1467 magno
523 1424 622 1452 meo
648 1423 751 1451 cum
777 1408 928 1451 dolore
948 1407 1141 1457 intueor,
1182 1422 1298 1464 quae
1319 1408 1435 1450 fiunt
1458 1412 1503 1450 et
1526 1406 1710 1449 auribus
1732 1404 1881 1454 audio,
1905 1418 2022 1461 quae

335 1481 558 1524 dicuntur.
597 1479 743 1523 Testis
777 1484 845 1522 est
879 1478 990 1522 mihi
1024 1478 1260 1528 Dominus,
1297 1479 1421 1535 quod
1454 1478 1564 1520 nihil
1599 1491 1670 1520 me
1704 1476 1771 1520 ita
1803 1480 1942 1519 vexat
1977 1481 2021 1518 et

335 1551 576 1601 excruciat,
612 1566 750 1608 quam
790 1565 895 1593 cum
929 1564 1148 1606 pauperes
1181 1550 1361 1593 colonos
1394 1554 1440 1592 et
1475 1549 1658 1591 miseras
1692 1548 1853 1591 viduas
1886 1546 2021 1589 audio

333 1638 484 1666 coram
519 1637 590 1665 me
625 1636 755 1678 saepe
790 1635 894 1664 cum
929 1621 1172 1678 lachrymis
1207 1620 1420 1677 conqueri
1456 1625 1500 1662 et
1536 1619 1682 1669 video,
1737 1618 2072 1674 inspectantem}

333 1709 418 1743 me,
445 1693 538 1736 sine
562 1707 696 1736 causa
719 1692 900 1744 vexari;
927 1707 1009 1735 nec
1033 1696 1189 1735 tamen
1212 1692 1303 1735 ullo
1329 1691 1464 1734 modo
1484 1691 1639 1733 iuvare
1658 1704 1856 1746 possum.
1884 1689 2017 1737 Nam,

333 1765 370 1808 si
388 1765 571 1820 aliquod
587 1764 776 1807 verbum
806 1763 968 1806 rectori
985 1777 1066 1819 pro
1084 1763 1169 1805 illis
1187 1763 1354 1813 dixero,
1375 1767 1427 1804 ut
1446 1762 1602 1804 mitius
1619 1775 1724 1803 cum
1741 1760 1826 1802 illis
1844 1764 2019 1816 agatur,

336 1836 407 1878 vel
434 1834 604 1891 aliquid
631 1850 685 1878 ex
712 1835 954 1877 severitate
981 1834 1257 1883 remittatur,
1288 1833 1529 1877 confestim
1555 1833 1641 1875 hoc
1668 1832 1807 1874 verbo
1835 1830 1947 1873 mihi
1974 1843 2024 1873 os

335 1906 609 1949 obstruitur:
646 1908 740 1962 Age
766 1910 831 1955 tu,
865 1919 981 1962 quae
1016 1910 1099 1948 tua
1132 1910 1238 1948 sunt
1273 1910 1319 1947 et
1353 1919 1409 1947 ne
1445 1909 1489 1946 te
1525 1904 1571 1946 in
1605 1902 1790 1946 alterius
1823 1901 2024 1945 officium

335 1977 587 2020 immisceas
606 1991 616 2028 ;
639 1982 776 2033 atque
796 1977 862 2020 ita
881 1976 992 2019 nihil
1012 1981 1192 2032 praeter
1211 1975 1523 2019 confusionem
1543 1978 1723 2030 reporto
1743 1988 1753 2024 ;
1777 1973 1901 2030 quod
1919 1987 2024 2015 cum
2038 1986 2073 2013 25

335 2062 655 2104 saepenumero
696 2047 787 2091 iam
828 2052 1041 2104 expertus
1082 2046 1258 2097 fuerim,
1301 2046 1412 2089 nihil
1453 2060 1534 2102 pro
1575 2044 1660 2087 illis
1700 2044 1824 2101 loqui
1865 2043 2022 2092 audeo,

335 2119 414 2161 sed
443 2133 624 2174 gemens
656 2124 796 2161 taceo.
832 2120 900 2162 De
931 2120 1017 2162 hac
1049 2118 1244 2174 pessima
1276 2117 1518 2160 severitate
1550 2130 1693 2172 usque
1725 2116 1838 2158 adeo
1869 2128 2026 2158 omnes

338 2204 493 2232 sumus
516 2189 753 2239 diffamati,
779 2194 830 2232 ut
855 2205 935 2246 ego
960 2189 1038 2232 vix
1061 2189 1155 2232 sine
1179 2189 1350 2246 pudore
1375 2188 1568 2231 audeam
1592 2201 1744 2230 coram
1767 2185 2026 2229 hominibus

336 2274 604 2316 comparere.

463 2333 741 2375 Accusamur
789 2337 1022 2389 praeterea
1070 2330 1332 2374 tenacitatis
1381 2336 1426 2373 et
1476 2328 1694 2372 avaritiae
1723 2343 1730 2370 z
1782 2342 1922 2384 quam
1970 2341 2026 2370 ne
2039 2340 2075 2367 30

336 2406 501 2444 temere
530 2403 659 2446 nobis
687 2403 953 2459 imposuisse
982 2402 1238 2452 videantur,
1271 2402 1362 2445 duo
1392 2406 1576 2444 tantum
1606 2399 1843 2442 brevitatis
1889 2411 2026 2441 causa

336 2473 540 2528 exempla
571 2488 834 2530 proponam.
871 2474 1106 2517 Profectus
1138 2478 1206 2516 est
1237 2478 1393 2516 noster
1424 2476 1689 2528 procurator
1718 2470 1966 2512 instructus
1998 2483 2025 2511 a

338 2548 505 2585 rectore
536 2545 594 2586 ad
624 2544 894 2601 colligendas
923 2546 1008 2588 hac
1039 2549 1213 2587 aestate
1244 2543 1462 2586 frumenti
1492 2541 1702 2586 decimas.
1735 2539 1935 2583 Accessit
1967 2540 2026 2583 ad

338 2627 453 2661 eum,
476 2613 521 2655 in
542 2629 656 2670 pago
677 2616 877 2671 quodam
895 2621 1064 2665 nostro,
1082 2615 1152 2658 vir
1166 2615 1355 2672 quidam
1377 2614 1511 2656 miser
1529 2627 1666 2655 senex
1685 2616 1731 2654 et
1752 2611 1924 2660 debilis,
1947 2611 2025 2667 qui

339 2683 571 2737 paululum
596 2685 733 2728 tritici
758 2686 910 2729 labore
936 2692 981 2729 et
1010 2686 1226 2729 beneficio
1253 2685 1444 2728 aliorum
1470 2683 1772 2726 seminaverat
1794 2696 1802 2732 ;
1847 2681 2024 2738 rogavit
2038 2694 2073 2720 :55

339 2757 525 2808 patrem,
544 2760 594 2796 ut
610 2770 689 2810 pro
711 2771 862 2799 amore
882 2757 965 2800 Dei
988 2757 1162 2814 aliquot
1186 2755 1445 2812 manipulos
1468 2769 1524 2797 ex
1547 2753 1730 2796 decimis
1757 2752 2021 2801 remitteret,

339 2823 417 2864 sed
436 2823 544 2864 nihil
563 2825 837 2880 impetravit.
863 2829 982 2870 Item
996 2842 1089 2871 una
1104 2827 1266 2870 misera
1280 2826 1422 2869 vidua
1442 2825 1642 2881 petebat,
1665 2828 1717 2865 ut
1739 2823 1823 2866 sibi
1843 2823 2024 2866 nomine

341 2898 385 2935 et
422 2907 571 2936 amore
608 2896 690 2937 Dei
725 2912 867 2940 unum
903 2903 1087 2941 tantum
1123 2897 1408 2953 manipulum
1443 2896 1732 2938 condonaret.
1773 2893 2024 2950 Respondit

340 2968 469 3018 pater
483 2972 744 3019 procurator
762 2981 769 3009 :
794 2969 962 3011 Nostra
980 2969 1117 3012 bursa
1134 2982 1226 3011 non
1244 2967 1458 3023 impletur
1476 2965 1656 3008 nomine
1676 2969 1720 3007 et
1741 2979 1892 3007 amore
1911 2964 1996 3008 Dei
2013 2978 2020 3008 :

342 3033 526 3088 dignum
545 3035 776 3088 Jesuvitae
795 3039 985 3081 verbum
1006 3040 1014 3082 !
1036 3040 1057 3081 I
1077 3053 1208 3087 nunc,
1229 3037 1362 3080 miser
1379 3038 1545 3079 Arator
1562 3040 1607 3078 et
1625 3035 1771 3078 clama
1788 3035 1834 3077 in
1852 3036 2023 3092 templo
2038 3047 2073 3073 40

342 3117 482 3159 usque
502 3105 560 3147 ad
579 3107 863 3151 raucedinem
883 3110 1074 3152 verbum
1095 3109 1179 3152 Dei
1196 3122 1204 3151 ς
1228 3109 1335 3151 date
1355 3112 1400 3150 et
1421 3107 1605 3150 dabitur
1625 3105 1766 3149 vobis.
1785 3106 1859 3155 Et,
1878 3110 2023 3149 estote
