2188 3535
143 243 241 287 1580
271 241 356 274 okt.
394 244 433 288 3]
910 242 985 276 No.
1018 253 1066 287 43
1764 248 1829 284 115

139 373 191 401 ac
230 359 475 402 eorundem
516 359 700 415 collegio
740 359 891 401 sedem
930 360 977 402 in
1015 360 1203 403 civitate
1228 364 1384 402 nostra
1415 359 1641 402 Coloswar
1670 358 1836 402 consti-

139 429 334 473 tuimus:
386 445 468 486 pro
512 444 705 486 quorum
747 430 1029 481 necessitate,
1067 430 1423 486 quotidianaque
1455 429 1578 472 vitae
1609 433 1836 472 sustenta-

140 499 262 541 tione
284 500 392 543 vina
413 500 648 543 decimalia
678 501 988 556 promontorii,
1022 501 1177 557 oppidi
1208 506 1254 543 et
1284 501 1419 543 castri
1455 500 1833 549 Colosmonostor,

139 570 186 611 in
205 570 440 614 civitatem
456 571 607 628 ipsam
625 571 851 614 Coloswar
869 571 1138 621 inducenda,
1162 571 1270 627 ipsis
1292 571 1338 613 in
1360 570 1622 614 alimoniam
1644 571 1835 626 deputa-

91 657 108 683 5
140 640 301 692 vimus
312 647 361 685 at
377 657 481 684 curn
495 642 579 698 ipsi
595 642 767 684 incolae
784 642 984 684 civitatis
1000 642 1256 698 praedictae
1273 647 1453 684 nostrae
1471 642 1697 685 Coloswar
1711 645 1836 683 certa

140 716 186 752 et
229 712 546 769 antiquissima
588 712 823 769 privilegia
865 727 999 769 super
1039 727 1131 756 non
1174 713 1436 755 inductione
1478 712 1573 755 vini
1614 710 1834 768 peregrini

139 782 186 824 in
209 782 399 826 eandem
422 783 658 827 civitatem
681 784 882 826 habeant
903 797 912 834 ;
951 798 1123 840 nosque
1159 798 1224 834 ea,
1263 783 1395 826 sicuti
1419 788 1464 826 et
1487 783 1652 826 caeteri
1681 795 1836 824 omnes

140 854 502 909 praedecessores
549 854 694 897 nostri
739 854 964 910 principes
1002 859 1047 896 et
1086 868 1210 910 reges
1249 854 1522 910 Hungariae‚
1570 868 1650 910 per
1687 852 1840 895 omnia

140 925 271 966 firma
305 930 444 982 atque
477 930 579 968 rata
611 925 778 967 habere
813 925 1032 967 velimus:
1070 926 1139 967 Ne
1160 925 1298 980 igitur
1329 926 1414 967 hac
1447 924 1710 967 inductione
1744 922 1839 966 vini

94 1009 128 1036 10
143 995 372 1039 decimalis
416 995 715 1053 promontorii
759 995 870 1038 dicti
913 995 1068 1051 oppidi
1124 996 1499 1045 Colosmonostor,
1546 1009 1625 1050 per
1665 1008 1748 1036 nos
1791 993 1839 1034 in

142 1065 404 1109 alimoniam
438 1067 548 1109 dicti
582 1066 754 1122 collegii
788 1067 1010 1122 deputati,
1060 1066 1260 1122 aliquam
1292 1066 1572 1108 occasionem
1605 1079 1683 1107 seu
1715 1064 1838 1106 viam

142 1137 368 1193 quispiam
402 1138 490 1180 sibi
525 1138 585 1180 ad
618 1137 876 1179 inducenda
896 1137 943 1179 in
965 1137 1155 1179 eandem
1177 1136 1412 1179 civitatem
1447 1136 1555 1179 vina
1590 1134 1836 1190 peregrina,

143 1213 302 1250 contra
337 1209 571 1264 privilegia
606 1208 806 1251 civitatis
846 1212 1166 1263 praeparatam
1202 1211 1334 1262 putet
1371 1220 1449 1249 seu
1483 1210 1702 1261 usurpet;
1740 1204 1841 1246 ideo

143 1279 324 1322 eosdem
345 1280 580 1322 universos
601 1279 721 1321 cives
747 1278 1118 1321 Coloswarienses
1132 1277 1178 1319 in
1193 1279 1278 1319 hoc
1301 1277 1495 1333 gratiose
1518 1275 1842 1319 assecurandos

94 1361 129 1390 15
144 1354 282 1406 atque
318 1350 572 1392 affidandos
608 1349 833 1398 duximus,
870 1348 981 1390 nulli
1015 1362 1101 1390 nos
1136 1348 1318 1403 penitus
1353 1348 1660 1403 cuiuscunque
1695 1350 1844 1388 status

144 1424 189 1462 et
211 1420 481 1463 conditionis
501 1419 773 1469 hominibus,
797 1433 875 1462 seu
896 1418 1159 1474 Magnificis,
1182 1433 1261 1461 seu
1282 1419 1542 1468 baronibus,
1566 1417 1844 1474 egregiisque

144 1504 196 1533 ac
223 1491 462 1540 nobilibus,
493 1495 573 1533 aut
602 1490 741 1532 etiam
767 1489 1052 1545 ignobilibus,
1082 1490 1174 1532 ullo
1201 1504 1406 1545 unquam
1433 1494 1636 1545 tempore
1663 1500 1843 1530 conces-

144 1575 283 1611 suros,
324 1566 377 1603 ut
415 1561 511 1604 ulla
548 1561 726 1603 ratione
765 1565 845 1603 aut
884 1560 1034 1610 modo,
1076 1561 1148 1603 vel
1187 1561 1272 1603 sub
1311 1575 1582 1617 quocunque
1621 1558 1846 1615 exquisito

145 1632 304 1682 colore,
334 1632 442 1675 vina
469 1631 704 1688 peregrina
730 1645 812 1673 nec
839 1631 886 1672 in
914 1645 1031 1681 suos,
1062 1645 1144 1673 nec
1171 1631 1219 1673 in
1245 1631 1453 1681 filiorum,
1483 1631 1736 1674 filiarumve
1765 1632 1845 1670 aut

96 1714 132 1742 20
146 1702 488 1745 familiariorum
511 1717 695 1745 suorum
718 1702 1024 1758 quorumlibet
1046 1716 1167 1751 usus,
1207 1702 1254 1744 in
1276 1716 1547 1758 quacunque
1569 1700 1844 1758 quantitate,

147 1778 306 1816 contra
349 1778 635 1829 praetactam
682 1773 1022 1815 immunitatem
1067 1773 1293 1815 dictorum
1337 1774 1519 1823 civium,
1565 1773 1611 1814 in
1655 1770 1846 1814 eandem

147 1844 383 1887 civitatem
416 1845 643 1887 Coloswar
673 1844 836 1886 inferre
868 1844 1081 1886 audeant.
1116 1845 1356 1887 Praeterea
1394 1844 1479 1900 ipsi
1517 1844 1657 1886 etiam
1694 1846 1848 1898 patres

147 1915 351 1969 Jesuitae
385 1916 510 1958 nulla
545 1915 634 1957 alia
667 1914 788 1965 vina,
826 1929 965 1971 quam
999 1915 1246 1971 praemissa
1281 1915 1517 1958 decimalia
1551 1910 1848 1970 promontorii

148 1985 649 2029 Colosmonostoriensis
690 1990 735 2027 et
767 2000 820 2028 ea
851 1985 990 2028 etiam
1021 1986 1186 2028 nullius
1217 1991 1446 2042 quaestus,
1471 1986 1555 2028 sub
1577 1995 1848 2041 quocunque

98 2068 133 2095 25
147 2057 293 2099 colore
308 2057 458 2106 fiendi,
476 2057 599 2099 intra
614 2057 686 2099 vel
703 2061 833 2099 extra
851 2056 1119 2099 coenobium
1136 2071 1291 2100 eorum
1307 2056 1556 2106 exercendi,
1575 2056 1654 2098 sed
1669 2055 1716 2096 in
1731 2054 1848 2109 ipso-

147 2142 248 2170 rum
269 2128 431 2170 saltem
453 2127 770 2183 quotidianam
791 2127 1109 2170 necessitatem
1134 2129 1215 2183 (ut,
1240 2143 1357 2184 quae
1377 2128 1463 2170 illis
1501 2141 1581 2183 pro
1621 2128 1847 2168 sustenta-

148 2198 272 2241 tione
297 2203 418 2248 sunt,
447 2198 563 2240 sicut
589 2198 862 2254 promissum
888 2199 970 2253 est)
1002 2199 1296 2241 convertendi
1322 2199 1468 2254 gratia
1493 2197 1656 2239 inferre
1682 2200 1726 2237 et
1753 2207 1847 2236 ero-

148 2283 252 2324 gare
271 2269 459 2325 possint.
484 2270 736 2319 Caeterum,
760 2269 884 2325 quod
903 2269 939 2311 si
958 2269 1176 2325 temporis
1195 2269 1241 2311 in
1262 2283 1468 2311 successu
1488 2268 1640 2323 aliqua
1660 2262 1847 2308 dominii

149 2339 649 2382 Colosmonostoriensis
677 2339 899 2382 accideret
928 2340 1125 2382 mutatio
1154 2344 1199 2382 et
1228 2340 1297 2382 ius
1325 2343 1608 2395 patronatus,
1640 2336 1843 2391 adeoque

100 2421 136 2448 3⁰
149 2411 367 2466 possessio
392 2415 437 2452 et
463 2410 714 2452 dominium
739 2424 765 2452 a
789 2409 976 2464 Jesuitis
1010 2411 1069 2452 ad
1093 2410 1202 2452 alios
1240 2423 1545 2466 quoscunque,
1589 2422 1667 2450 seu
1691 2418 1844 2449 saecu-

148 2482 276 2530 lares,
315 2495 394 2523 seu
432 2480 755 2523 ecclesiasticas
793 2480 1092 2523 transferetur
1127 2495 1352 2536 personas
1406 2485 1574 2522 extunc
1611 2478 1747 2520 iidem
1783 2476 1846 2518 illi

150 2566 437 2607 possessores,
487 2551 745 2608 quicunque
791 2551 979 2593 tandem
1025 2551 1168 2593 futuri
1214 2556 1375 2601 essent,
1424 2554 1667 2606 praetextu
1711 2548 1847 2590 huius

151 2622 426 2665 inductionis
481 2622 576 2665 vini
632 2622 862 2664 decimalis
917 2621 1415 2664 Colosmonostoriensis
1469 2635 1550 2677 pro
1605 2618 1848 2662 elemosina

152 2693 446 2747 Jesuitarum,
488 2693 660 2735 nuHam
692 2693 815 2735 viam
854 2697 899 2734 et
939 2697 1229 2748 praetextum
1269 2692 1427 2735 eadem
1466 2692 1574 2735 vina
1612 2689 1846 2733 decimalia

103 2763 306 2819 350ppidi
364 2764 728 2807 Colosmonostor
784 2762 1018 2812 inferendi,
1078 2763 1356 2819 importandi
1413 2767 1552 2820 atque
1608 2759 1847 2817 importari

154 2833 348 2876 faciendi
366 2839 526 2877 contra
540 2834 774 2891 praedicta
789 2833 1011 2890 priviligia
1027 2838 1072 2876 et
1087 2834 1398 2876 immunitates
1416 2833 1615 2877 civitatis
1629 2832 1845 2880 habeant,

154 2918 231 2946 seu
246 2905 414 2947 habere
430 2905 626 2948 debeant
644 2910 689 2948 et
706 2905 889 2948 valeant
907 2904 1149 2960 potestatis
1165 2904 1432 2947 facultatem
1452 2918 1461 2956 ;
1481 2904 1560 2947 sed
1574 2904 1621 2946 in
1637 2902 1848 2946 omnibus

155 2979 199 3016 et
229 2989 308 3030 per
337 2976 502 3026 omnia,
535 2976 668 3018 sicuti
698 2990 832 3026 nunc,
864 2975 931 3017 ita
960 2975 1099 3017 etiam
1129 2975 1339 3031 deinceps
1368 2989 1556 3032 semper,
1588 2972 1848 3031 praedictae

157 3045 334 3088 illorum
356 3046 590 3089 libertates
613 3051 659 3089 et
682 3046 995 3089 immunitates
1018 3046 1187 3096 firmae,
1212 3046 1458 3090 inviolatae
1481 3048 1777 3103 permaneant
1801 3045 1847 3084 et

107 3116 292 3158 wrobur
316 3130 449 3159 suum
474 3117 725 3160 sortiantur
749 3121 1032 3173 perpetuum.
1063 3117 1161 3159 Imo
1188 3117 1369 3160 eosdem
1394 3117 1514 3161 cives
1529 3113 1848 3160 Coloswarien·

157 3199 238 3235 seS,
267 3190 405 3242 atque
431 3187 676 3231 eorundem
703 3187 993 3230 succedentes
1018 3187 1252 3231 universos
1279 3202 1589 3232 assecuramus
1615 3190 1661 3229 et
1688 3184 1848 3228 affida-

1662 3278 1705 3311 8*
