2188 3535
382 162 454 206 278
1147 154 1221 187 No.
1258 156 1306 198 89
1692 153 1807 198 [1583
1841 152 1985 186 marcz.
2023 155 2067 189 18

385 279 488 320 Una
513 282 665 320 autem
692 273 829 317 clavis
855 271 1053 314 eiusdem
1079 269 1217 312 cistae
1243 269 1338 312 sive
1364 283 1493 312 arcae
1520 270 1644 326 apud
1671 271 1724 313 R.
1744 271 1792 313 P.
1813 271 2066 319 Rectorem,

386 348 527 390 altera
560 346 682 402 apud
715 342 992 399 praefectum
1026 339 1306 382 retinebitur.

511 418 572 459 At
595 429 696 457 cum
718 412 907 469 pecunia
928 410 988 452 ad
1009 409 1257 452 ordinarios
1278 424 1386 453 usus
1408 416 1453 453 et
1476 416 1687 467 sumptus
1709 411 1793 454 erit
1816 411 2068 460 eximenda,

385 487 604 529 scribetur
630 498 681 526 eo
708 483 754 524 in
781 482 907 530 libro,
937 480 1015 536 qui
1043 493 1219 536 semper
1245 481 1292 523 in
1320 495 1424 524 arca
1452 496 1530 524 seu
1558 482 1673 524 cista
1701 482 1825 524 dicta
1852 482 2069 531 manebit,

384 556 508 598 cuius
542 554 643 596 libri
678 553 871 595 alterum
907 550 1097 593 similem
1134 551 1258 607 apud
1293 566 1339 595 se
1374 553 1539 596 habere
1577 553 1851 608 procurabit,
1890 567 1946 596 ex
1981 566 2072 609 quo
2103 569 2121 597 5

383 625 577 668 rationes
613 623 709 666 dati
745 627 789 665 et
826 621 1000 677 accepti
1035 621 1340 678 superioribus
1375 623 1467 665 suis
1502 624 1687 666 reddere
1724 623 1880 680 possit.

510 694 630 737 Sciat
665 707 746 735 nec
781 692 1085 741 commodato,
1121 707 1203 735 nec
1238 694 1400 750 quovis
1435 694 1522 737 alio
1558 699 1801 750 praetextu
1836 694 2074 750 pecuniam

382 780 408 808 a
432 765 648 807 Pontifice
671 763 870 806 Maximo
893 768 938 806 et
961 777 988 806 a
1017 763 1144 806 5614ΠΟ
1165 778 1266 820 rege
1302 764 1541 808 seminario
1579 765 1812 808 addictam
1835 765 1881 808 in
1904 764 2076 821 collegii

382 849 526 884 usum,
571 849 716 890 neque
759 835 805 876 in
848 833 1085 876 cuiuslibet
1129 834 1314 877 alterius
1356 836 1539 892 negotii,
1587 836 1926 892 quantumlibet
1969 835 2075 878 boni

383 920 584 961 unquam
617 919 710 948 esse
742 905 1110 953 convertendam,
1146 905 1217 947 vel
1249 920 1305 948 ne
1337 912 1500 949 mutuo
1533 907 1718 963 quidem
1751 906 2074 962 accipiendam,
2091 924 2126 951 10

383 977 517 1032 idque
546 975 824 1019 sanctissime
853 990 946 1018 esse
975 976 1322 1019 observandum.
1356 978 1449 1020 Nec
1478 992 1585 1020 vero
1612 972 1724 1021 Rdum
1747 979 1795 1020 P.
1821 979 2074 1028 Rectorem,

384 1062 528 1104 neque
563 1051 914 1104 procuratorem,
953 1061 1034 1089 nec
1073 1047 1186 1090 adeo
1222 1048 1276 1090 R.
1313 1048 1360 1090 P.
1388 1049 1718 1091 Provincialem
1754 1063 1883 1104 posse
1919 1049 1975 1091 de
2011 1062 2075 1099 ea,

387 1119 470 1161 nisi
495 1119 554 1162 ad
579 1117 805 1161 seminarii
830 1131 963 1160 usum
989 1117 1242 1174 quidquam
1268 1118 1452 1162 omnino
1478 1125 1678 1162 statuere
1700 1134 1706 1162 :
1735 1119 1871 1176 idque
1895 1124 2079 1162 tantum

385 1205 465 1246 pro
499 1204 551 1232 ea
585 1189 772 1238 ratione,
809 1203 926 1245 quae
959 1189 1211 1232 secundum
1245 1195 1445 1233 mentem
1480 1191 1574 1233 eius
1608 1190 1875 1233 Sanctitatis
1908 1194 1953 1233 et
1987 1190 2081 1233 eius

388 1260 636 1303 Maiestatis
670 1259 951 1308 facultatem,
986 1264 1067 1302 aut
1102 1260 1213 1303 mihi
1245 1275 1273 1303 a
1305 1262 1359 1304 R.
1398 1262 1445 1304 P.
1481 1261 1688 1304 Generali
1721 1275 1978 1304 concessam
2010 1261 2082 1304 vel
2095 1277 2130 1306 15

385 1332 617 1374 declarata
649 1335 730 1380 est,
766 1330 838 1373 vel
871 1330 1062 1373 subinde
1095 1331 1411 1374 declarabitur.

512 1403 659 1453 Curet,
684 1406 736 1443 ut
759 1406 939 1458 emptor
960 1401 1160 1444 rationes
1186 1402 1253 1445 ita
1280 1402 1492 1446 distincte
1521 1403 1791 1453 conscribat,
1820 1408 1873 1445 ut
1900 1402 2084 1459 singulis

386 1488 462 1516 sex
497 1473 728 1516 mensibus
762 1487 917 1515 earum
954 1472 1121 1516 notitia
1155 1473 1297 1529 possit
1332 1474 1502 1517 haberi.

515 1545 555 1586 A
578 1543 755 1586 rusticis
778 1543 931 1600 potius
955 1549 1182 1600 quatenus
1206 1544 1253 1587 in
1277 1544 1373 1588 foro
1398 1545 1602 1588 triticum
1626 1545 1698 1588 vel
1721 1545 1810 1588 alia
1832 1544 1921 1588 emi
1943 1549 2082 1593 curet,

386 1615 421 1657 si
449 1615 552 1657 inde
579 1614 725 1657 viliori
753 1614 897 1671 pretio
925 1614 1069 1658 coemi
1096 1619 1326 1671 poterunt.
1364 1617 1464 1673 Qua
1492 1617 1539 1659 in
1567 1631 1613 1659 re
1648 1630 1794 1659 navus
1822 1615 1879 1658 sit
1908 1620 1953 1658 et
1982 1630 2084 1671 pru-
2098 1632 2133 1660 20

388 1687 509 1735 dens,
551 1685 789 1742 mediaque
827 1685 1010 1729 interim
1049 1686 1285 1742 disquirat,
1323 1692 1374 1729 ut
1405 1688 1522 1730 hanc
1556 1687 1771 1730 notitiam
1803 1691 2082 1743 assequatur,

388 1762 438 1798 ut
475 1757 619 1799 fidelis
654 1757 701 1799 in
737 1757 872 1800 domo
909 1757 1093 1800 Domini
1129 1757 1188 1800 sit
1226 1757 1527 1813 dispensator.

515 1828 802 1871 Ordinariam
835 1833 1020 1871 tantum
1055 1829 1217 1871 domus
1250 1843 1390 1871 unam
1423 1829 1610 1872 ianuam
1645 1830 1828 1878 habeat,
1866 1828 1994 1871 cuius
2028 1828 2087 1871 sit

388 1899 504 1941 fidus
526 1898 691 1941 ianitor
712 1904 757 1941 et
780 1899 971 1942 maiores
993 1899 1143 1949 rimas,
1168 1899 1324 1956 siquae
1346 1900 1392 1943 in
1414 1900 1672 1943 interstitiis
1690 1899 1888 1942 limitum
1904 1899 2084 1950 fuerint,

389 1969 610 2012 asseribus
643 1971 866 2019 obstruat,
903 1985 959 2013 ne
994 1971 1066 2013 vel
1099 1971 1197 2013 aliis
1232 1971 1278 2013 in
1311 1971 1501 2014 domum
1536 1971 1690 2014 aditus
1725 1971 1797 2013 vel
1831 1969 2135 2014 domesticis25

391 2040 476 2083 alio
508 2040 656 2083 exitus
687 2046 857 2097 pateat.

520 2113 622 2154 Non
658 2112 864 2155 aedificet
901 2112 1154 2169 quidquam
1190 2112 1237 2156 in
1274 2113 1410 2156 domo
1449 2113 1749 2162 conducticia,
1789 2113 1868 2155 sed
1905 2117 2089 2155 tantum

395 2196 446 2224 ea
466 2182 625 2238 aptari,
648 2184 719 2226 vel
739 2183 855 2226 effici
874 2188 1013 2232 curet,
1036 2199 1152 2240 quae
1171 2184 1420 2228 necessaria
1435 2189 1555 2234 sunt,
1575 2198 1799 2241 quaeque,
1819 2183 1855 2226 si
1871 2182 2089 2240 emigran-

396 2253 504 2295 dum
536 2253 633 2304 erit,
668 2254 771 2297 inde
803 2254 968 2297 auferri
999 2255 1187 2310 possint.

524 2325 693 2368 Locum
715 2326 905 2382 quisque
925 2326 1091 2369 lectulo
1122 2341 1203 2369 suo
1236 2326 1516 2376 distinctum,
1552 2331 1596 2369 et
1630 2326 1702 2369 vel
1734 2325 1906 2374 storeis,
1941 2324 2013 2367 vel
2043 2323 2138 2368 inao

397 2395 568 2449 gratela
597 2395 793 2440 divisum
821 2397 1002 2446 habeat,
1034 2402 1085 2439 ut
1114 2397 1345 2441 honestati
1374 2397 1498 2441 omni
1527 2412 1635 2440 suus
1663 2397 1722 2440 sit
1750 2397 1886 2445 locus,
1917 2394 2091 2439 occasio

399 2479 504 2507 vero
535 2466 680 2509 omnis
710 2473 990 2516 amoveatur,
1025 2483 1117 2524 qua
1148 2484 1204 2511 ne
1235 2469 1356 2525 ipsos
1388 2468 1572 2525 quidem
1605 2468 1759 2511 oculos
1789 2467 1986 2510 laedant.
2021 2465 2092 2509 Sic

401 2535 518 2578 enim
568 2537 852 2594 Hungaricae
901 2539 1053 2582 avitae
1102 2540 1316 2596 puritatis
1363 2540 1462 2582 laus
1512 2540 1693 2588 iterum,
1745 2540 1842 2581 Deo
1890 2537 2090 2586 iuvante,

403 2606 652 2650 maximum
686 2609 731 2651 in
765 2610 898 2652 huius
931 2611 1054 2666 regni
1089 2612 1380 2654 commodum
1414 2611 1653 2653 reflorebit.

532 2677 715 2722 Librum
745 2681 927 2731 habeat,
959 2681 1007 2724 in
1038 2696 1128 2738 quo
1160 2682 1412 2738 quidquam
1442 2682 1502 2724 ad
1532 2681 1616 2724 Dei
1647 2679 1834 2737 gloriam
1865 2677 2091 2727 acciderit,
2106 2695 2141 2723 35

409 2746 672 2802 excipiatur,
696 2751 819 2806 quod
847 2752 1031 2808 singulis
1060 2753 1189 2795 annis
1218 2753 1302 2794 erit
1331 2758 1570 2808 tamquam
1591 2753 1758 2794 Annua
1788 2749 1968 2805 epistola
1997 2762 2094 2804 per-

405 2816 688 2862 scribendum
719 2826 764 2862 et
796 2822 855 2864 ad
886 2837 958 2866 me
990 2823 1281 2872 mittendum,
1319 2823 1392 2865 vel
1424 2823 1476 2873 ei,
1518 2822 1589 2865 cui
1614 2820 1956 2864 seminariorum
1987 2833 2095 2862 cura

407 2901 487 2941 pro
513 2892 712 2944 tempore
735 2891 978 2943 incumbet,
1004 2899 1056 2936 ut
1081 2899 1125 2937 et
1150 2894 1336 2937 Summo
1366 2893 1575 2936 Pontifici
1598 2897 1643 2934 et
1668 2892 1794 2934 Sermo
1829 2890 1920 2946 regi
1957 2894 2096 2946 atque

408 2957 509 2998 Illmo
524 2958 711 3015 principi
734 2961 905 3006 fructus
926 2964 972 3007 in
993 2964 1122 3007 bonis
1143 2964 1343 3007 moribus
1365 2969 1410 3006 et
1432 2963 1689 3006 litterarum
1711 2961 1874 3004 studiis
1889 2965 2095 3003 constare

410 3028 562 3081 possit.
593 3029 638 3072 Si
665 3031 775 3086 quid
802 3035 1036 3078 accesserit
1064 3036 1124 3078 ad
1151 3034 1376 3077 seminarii
1403 3034 1536 3083 bona,
1579 3033 1627 3075 id
1653 3033 1766 3075 libro
1795 3031 2092 3080 adscribatur,
2108 3048 2144 3075 40

409 3097 455 3138 in
490 3113 578 3154 quo
613 3114 760 3144 rerum
794 3104 1028 3148 mobilium
1060 3111 1105 3148 et
1137 3105 1437 3149 immobilium
1469 3104 1711 3147 distinctus
1753 3102 1985 3159 catalogus
2021 3101 2093 3145 sit.
