2188 3535
87 209 182 252 1583
214 217 303 251 aug.
344 208 381 251 1]
852 211 926 245 No.
957 223 1003 258 93
1700 222 1768 256 291

84 325 272 367 hensam
315 323 593 374 continuare,
638 326 826 382 illasque
870 333 1107 385 tamquam
1151 343 1220 372 res
1263 329 1402 385 ipsius
1446 329 1684 372 Societatis
1727 331 1774 372 in

86 395 396 451 spiritualibus
417 400 463 437 et
485 397 812 450 temporalibus
833 413 987 441 eorum
1009 400 1196 442 arbitrio
1219 405 1383 449 tenere,
1408 401 1585 450 habere,
1609 415 1772 456 regere,

83 466 332 521 gubernare
357 470 402 508 et
427 466 760 516 administrare,
779 482 830 510 ac
855 469 938 519 cui,
960 484 1037 511 seu
1062 471 1226 526 quibus
1251 471 1312 513 eis
1337 471 1565 513 videbitur
1589 472 1772 513 hortum

84 536 342 591 praefatum
372 536 532 585 locare,
567 536 797 586 dislocare,
829 552 1003 581 necnon
1034 540 1128 582 eius
1158 546 1202 582 et
1235 541 1383 583 dictae
1418 541 1578 583 domus
1602 542 1776 584 fructus

35 623 53 650 5
84 606 130 648 in
159 606 299 661 ipsius
328 607 501 662 collegii
530 620 638 648 usus
667 611 712 649 et
742 608 990 651 utilitatem
1012 616 1283 661 convertere,
1309 612 1560 654 dioecesani
1589 612 1675 654 loci
1703 613 1775 654 vel

85 676 282 719 cuiusvis
334 677 520 720 alterius
572 677 755 719 licentia
810 678 999 734 desuper
1052 680 1235 723 minime
1287 682 1514 736 requisita,
1557 687 1775 738 perpetuo

85 747 340 796 concedere,
366 748 607 803 assignare,
625 747 853 803 applicare
875 754 921 790 et
937 751 1238 806 appropriare,
1257 766 1307 793 ac
1324 752 1569 801 ecclesiam,
1590 753 1776 795 domum

83 819 333 874 regularem
350 832 614 874 suppressas
632 823 677 860 et
695 819 880 861 hortum
902 820 1158 874 praelatum
1186 835 1212 863 a
1238 823 1548 877 praepositura
1570 824 1777 878 praefata

84 888 462 932 dismembratum
492 903 544 931 ac
575 893 674 931 tam
704 888 844 938 illum,
877 904 1015 945 quam
1047 890 1231 934 domum
1265 893 1515 947 praefatam
1561 894 1776 936 Societati

37 976 72 1005 ιο
84 959 317 1015 praefatae
360 959 614 1016 applicatos
657 973 765 1009 esse,
811 974 987 1002 necnon
1030 962 1402 1017 suppressionem,
1460 964 1773 1013 annexionem,

82 1030 500 1086 appropriationem
529 1030 707 1086 aliaque
734 1031 981 1086 praemissa
1007 1045 1181 1074 necnon
1208 1033 1360 1075 literas
1397 1047 1529 1088 super
1569 1048 1775 1089 praesen-

84 1101 208 1143 tibus
239 1101 540 1144 conficiendas
570 1101 693 1143 nullo
724 1115 929 1156 unquam
960 1106 1177 1157 tempore,
1211 1103 1318 1158 quia
1349 1104 1597 1158 superiores
1629 1104 1776 1146 dictae

85 1171 248 1214 domus
275 1176 321 1214 et
350 1172 520 1214 ordinis
549 1172 742 1214 fratrum
772 1172 1136 1227 praedicatorum
1163 1174 1422 1215 huiusmodi
1451 1188 1502 1216 ac
1519 1174 1555 1216 si
1583 1175 1684 1229 quis
1700 1189 1777 1216 seu

85 1242 370 1298 praepositus
428 1243 576 1285 dictae
633 1242 972 1298 praepositurae
1028 1243 1159 1285 alteri
1215 1244 1379 1299 aliique
1437 1244 1778 1299 quomodolibet

38 1331 73 1360 15
85 1312 300 1356 interesse
324 1314 546 1356 habentes
571 1313 630 1356 ad
654 1313 739 1355 hoc
765 1313 917 1355 vocati
941 1327 1033 1355 non
1058 1314 1224 1356 fuerint
1250 1328 1328 1356 seu
1354 1315 1515 1369 quovis
1540 1315 1626 1356 alio
1653 1329 1778 1370 prae-

85 1388 219 1426 textu
242 1384 450 1440 quaesito
475 1384 622 1426 colore
646 1383 702 1426 de
726 1384 1030 1439 subreptionis
1054 1385 1126 1426 vel
1150 1385 1427 1440 obreptionis
1451 1389 1532 1426 aut
1557 1385 1780 1427 nullitatis

86 1454 200 1497 vitio
231 1469 310 1497 sen
342 1455 595 1497 intentione
627 1454 828 1497 eiusdem
861 1455 1129 1497 Sanctitatis
1160 1456 1361 1505 Vestrae,
1397 1456 1468 1497 vel
1500 1455 1661 1511 quovis
1692 1456 1780 1497 alio

86 1524 268 1568 defectu
308 1526 459 1568 notari
499 1540 577 1568 seu
618 1525 889 1581 impugnari,
928 1531 1009 1568 aut
1050 1526 1161 1568 alias
1201 1526 1542 1582 quomodolibet
1584 1526 1779 1581 infringi,

87 1595 236 1647 deleri,
257 1596 410 1639 vitiari
425 1610 578 1652 posse;
601 1596 680 1638 sed
696 1596 795 1638 illas
811 1610 986 1652 semper
1001 1597 1176 1639 validas
1191 1602 1236 1639 et
1252 1597 1456 1639 efficaces
1477 1597 1569 1638 fore
1591 1610 1780 1652 suosque

38 1666 311 1722 20plenarios
350 1672 396 1710 et
434 1667 634 1723 integros
672 1668 861 1709 effectus
909 1667 1059 1710 sortiri
1098 1672 1143 1709 et
1182 1667 1500 1709 inviolabiliter
1539 1667 1778 1709 observari.

87 1737 149 1779 Et
175 1737 237 1780 sic
264 1752 342 1793 per
368 1752 663 1794 quoscunque
693 1737 876 1787 iudices,
906 1738 1086 1780 sublata
1112 1738 1300 1780 iudicari
1326 1743 1371 1780 et
1398 1737 1581 1779 diffiniri
1607 1737 1779 1786 debere,

87 1807 266 1851 irritum
287 1823 468 1864 quoque
489 1808 780 1851 decernentes
796 1813 881 1851 etc.
900 1809 1160 1859 districtius,
1185 1809 1456 1862 [inhibentes
1476 1822 1554 1864 per
1575 1822 1782 1850 censuras

88 1879 411 1922 ecclesiasticas
452 1870 555 1934 ete]
600 1884 827 1935 quatenus
867 1879 1029 1922 domus
1069 1885 1114 1921 et
1154 1880 1314 1921 hortus
1354 1879 1619 1934 s[upradicti
1660 1880 1776 1932 cum]

87 1949 260 1992 iuribus
294 1950 526 2006 praefatis,
563 1950 752 2006 aliisque
787 1950 1024 2006 quibusvis
1058 1950 1364 2006 cuiuscunque
1399 1954 1547 1991 status
1581 1954 1625 1991 et
1680 1963 1781 1991 con-

39 2020 273 2063 25ditionis
295 2021 509 2070 existant,
534 2035 590 2063 ne
628 2020 684 2063 de
722 2025 899 2063 caetero
936 2035 1057 2063 nunc
1095 2026 1140 2063 et
1178 2035 1258 2076 pro
1297 2025 1500 2075 ternpore
1538 2020 1781 2062 existentes

87 2091 398 2147 praepositum
420 2092 673 2147 generalem
697 2091 897 2147 aliosque
919 2091 1069 2135 dictae
1102 2091 1341 2134 Societatis
1374 2095 1526 2146 patres
1559 2104 1610 2131 ac
1643 2090 1780 2145 ipsius

89 2162 260 2217 collegii
284 2162 491 2205 doctores
515 2167 560 2204 et
585 2162 834 2218 collegiales
857 2177 1071 2218 personas
1095 2162 1263 2204 directe
1287 2161 1357 2203 vel
1380 2161 1596 2202 indirecte
1619 2160 1780 2215 quovis

88 2232 295 2288 quaesito
327 2233 472 2275 colore
504 2247 637 2289 super
667 2233 927 2275 huiusmodi
958 2232 1142 2275 ecclesia
1172 2246 1225 2274 ac
1255 2231 1372 2273 illius
1403 2231 1536 2272 domo
1568 2229 1781 2284 contigua

89 2308 135 2345 et
163 2304 297 2346 horto
327 2304 516 2359 aliisque
545 2304 756 2346 omnibus
787 2318 941 2346 eorum
971 2304 1143 2345 iuribus
1173 2307 1218 2344 et
1249 2300 1532 2357 pertinentiis
1561 2299 1781 2341 universis

39 2388 76 2416 30
88 2374 306 2429 praefatis
349 2375 590 2417 molestare
635 2379 943 2430 praesumant,
991 2372 1235 2429 dignemini
1280 2372 1334 2413 de
1378 2370 1524 2425 gratia
1568 2370 1778 2424 speciali;

88 2458 180 2486 non
194 2445 485 2488 obstantibus
500 2445 770 2500 praemissis,
788 2459 840 2487 ac
857 2445 995 2487 etiarn
1013 2444 1151 2486 felicis
1166 2440 1487 2484 recordationis
1504 2439 1778 2496 Symmachi,

89 2515 219 2557 Pauli
247 2516 325 2565 ΙΙ.,
350 2516 479 2558 Pauli
503 2516 614 2558 IIII.
641 2521 685 2558 et
710 2515 777 2558 Pii
792 2516 844 2559 V.
864 2520 909 2558 et
937 2526 1309 2571 quorumcunque
1336 2511 1525 2553 aliorum
1554 2512 1781 2552 Romano-

89 2599 190 2628 rum
227 2587 496 2642 pontificum
536 2586 805 2629 Sanctitatis
855 2587 1043 2628 Vestrae
1094 2583 1499 2639 praedecessorum,
1555 2581 1610 2623 de
1647 2581 1781 2623 rebus

90 2657 299 2699 ecclesiae
340 2671 433 2700 non
475 2657 728 2700 alienandis
771 2662 816 2699 et
858 2655 1066 2698 alienatis
1107 2652 1436 2708 recuperandis,
1497 2665 1549 2694 ac
1592 2651 1647 2693 de
1689 2665 1780 2692 non

41 2727 289 2770 35tollendo
328 2727 424 2770 iure
455 2728 665 2784 quaesito
706 2732 751 2770 et
793 2727 848 2769 de
887 2726 1066 2773 unione,
1109 2722 1478 2771 commutatione,
1521 2721 1580 2763 ad
1629 2727 1781 2777 partes

90 2798 265 2841 vocatis
296 2798 681 2854 deprimendoque
726 2798 877 2840 valore
923 2794 1242 2850 [ecclesiarum]
1280 2792 1546 2835 Sanctitatis
1577 2792 1779 2840 Vestrae,

90 2869 313 2923 regulares
347 2883 399 2911 ac
441 2869 478 2912 si
519 2883 634 2924 opus
675 2868 748 2917 sit,
792 2864 1107 2910 Lateranensis
1149 2863 1323 2905 concilii
1364 2863 1525 2904 ultimo
1568 2861 1781 2904 celebrati

90 2939 278 2981 uniones
298 2944 555 2996 perpetuas,
577 2939 663 2981 nisi
684 2939 731 2980 in
752 2938 930 2980 casibus
950 2950 977 2978 a
997 2935 1091 2977 iure
1112 2933 1338 2989 permissis
1358 2933 1453 2975 fieri
1474 2931 1778 2988 prohibendis,

92 3008 278 3065 aliisque
318 3010 555 3066 quibusvis
595 3007 998 3052 constitutionibus
1039 3009 1083 3046 et
1122 3003 1482 3046 ordinationibus
1522 3001 1782 3057 apostolicis

42 3095 79 3122 4ο
92 3078 177 3122 illis
196 3093 441 3136 eorumque
460 3079 765 3135 superioribus
785 3082 830 3120 et
850 3074 1049 3133 personis
1068 3074 1152 3116 sub
1171 3074 1515 3129 quibuscunque
1547 3072 1781 3114 tenoribus

92 3154 138 3191 et
166 3149 322 3192 formis
351 3164 403 3193 ac
432 3164 536 3193 cum
565 3148 802 3206 quibusvis
831 3145 1040 3189 clausulis
1075 3149 1119 3186 et
1149 3143 1339 3186 decretis
1368 3147 1413 3185 et
1441 3147 1572 3184 motu
1599 3142 1781 3198 proprio

1572 3220 1640 3268 19*
