<?xml version="1.0" encoding="UTF-8"?>
<!DOCTYPE html PUBLIC "-//W3C//DTD XHTML 1.0 Transitional//EN"
    "http://www.w3.org/TR/xhtml1/DTD/xhtml1-transitional.dtd">
<html xmlns="http://www.w3.org/1999/xhtml" xml:lang="en" lang="en">
 <head>
  <title>
</title>
<meta http-equiv="Content-Type" content="text/html;charset=utf-8" />
  <meta name='ocr-system' content='tesseract 3.04.00' />
  <meta name='ocr-capabilities' content='ocr_page ocr_carea ocr_par ocr_line ocrx_word'/>
</head>
<body>
  <div class='ocr_page' id='page_1' title='image "./epistolaeetactaj01vereuoft_0146.png"; bbox 0 0 2188 3535; ppageno 0'>
   <div class='ocr_carea' id='block_1_1' title="bbox 324 190 2016 240">
    <p class='ocr_par' dir='ltr' id='par_1_1' title="bbox 324 190 2016 240">
     <span class='ocr_line' id='line_1_1' title="bbox 324 190 2016 240; baseline -0.005 -5"><span class='ocrx_word' id='word_1_1' title='bbox 324 211 392 238; x_wconf 87' lang='lat'>102</span> <span class='ocrx_word' id='word_1_2' title='bbox 1084 195 1157 229; x_wconf 92' lang='lat' dir='ltr'>No.</span> <span class='ocrx_word' id='word_1_3' title='bbox 1194 196 1242 240; x_wconf 89' lang='lat'>36</span> <span class='ocrx_word' id='word_1_4' title='bbox 1727 192 1846 238; x_wconf 82' lang='lat'>[1580</span> <span class='ocrx_word' id='word_1_5' title='bbox 1875 190 1959 236; x_wconf 79' lang='lat' dir='ltr'>apr.</span> <span class='ocrx_word' id='word_1_6' title='bbox 1995 191 2016 226; x_wconf 90' lang='lat'>8</span> 
     </span>
    </p>
   </div>
   <div class='ocr_carea' id='block_1_2' title="bbox 211 307 2085 3031">
    <p class='ocr_par' dir='ltr' id='par_1_2' title="bbox 211 307 2085 3031">
     <span class='ocr_line' id='line_1_2' title="bbox 319 307 2019 374; baseline -0.006 -14"><span class='ocrx_word' id='word_1_7' title='bbox 319 318 490 374; x_wconf 88' lang='lat' dir='ltr'>pietate</span> <span class='ocrx_word' id='word_1_8' title='bbox 503 322 547 358; x_wconf 89' lang='lat' dir='ltr'>et</span> <span class='ocrx_word' id='word_1_9' title='bbox 562 313 848 357; x_wconf 82' lang='lat' dir='ltr'>humanitate</span> <span class='ocrx_word' id='word_1_10' title='bbox 861 311 1140 360; x_wconf 80' lang='lat' dir='ltr'>coniunctaS,</span> <span class='ocrx_word' id='word_1_11' title='bbox 1156 323 1363 354; x_wconf 90' lang='lat' dir='ltr'>amamus</span> <span class='ocrx_word' id='word_1_12' title='bbox 1377 315 1422 353; x_wconf 90' lang='lat' dir='ltr'>et</span> <span class='ocrx_word' id='word_1_13' title='bbox 1437 308 1803 365; x_wconf 85' lang='lat' dir='ltr'>magnifacimus,</span> <span class='ocrx_word' id='word_1_14' title='bbox 1818 307 2019 350; x_wconf 86' lang='lat' dir='ltr'>maxima</span> 
     </span>
     <span class='ocr_line' id='line_1_3' title="bbox 318 377 2018 438; baseline -0.006 -8"><span class='ocrx_word' id='word_1_15' title='bbox 318 387 494 431; x_wconf 90' lang='lat' dir='ltr'>laetitia</span> <span class='ocrx_word' id='word_1_16' title='bbox 534 384 707 433; x_wconf 73' lang='lat' dir='ltr'>affecit,</span> <span class='ocrx_word' id='word_1_17' title='bbox 751 382 913 424; x_wconf 92' lang='lat' dir='ltr'>deinde</span> <span class='ocrx_word' id='word_1_18' title='bbox 954 381 1078 438; x_wconf 92' lang='lat' dir='ltr'>quod</span> <span class='ocrx_word' id='word_1_19' title='bbox 1105 381 1355 437; x_wconf 83' lang='lat' dir='ltr'>intelligam</span> <span class='ocrx_word' id='word_1_20' title='bbox 1386 382 1439 423; x_wconf 90' lang='lat' dir='ltr'>R.</span> <span class='ocrx_word' id='word_1_21' title='bbox 1471 381 1575 422; x_wconf 70' lang='lat' dir='ltr'>Vtam</span> <span class='ocrx_word' id='word_1_22' title='bbox 1603 392 1851 422; x_wconf 78' lang='lat' dir='ltr'>memorem</span> <span class='ocrx_word' id='word_1_23' title='bbox 1880 377 2018 420; x_wconf 90' lang='lat' dir='ltr'>etiam</span> 
     </span>
     <span class='ocr_line' id='line_1_4' title="bbox 320 449 2020 509; baseline -0.006 -9"><span class='ocrx_word' id='word_1_24' title='bbox 320 472 414 500; x_wconf 91' lang='lat' dir='ltr'>esse</span> <span class='ocrx_word' id='word_1_25' title='bbox 434 456 534 504; x_wconf 91' lang='lat' dir='ltr'>mei,</span> <span class='ocrx_word' id='word_1_26' title='bbox 558 468 608 496; x_wconf 92' lang='lat' dir='ltr'>ac</span> <span class='ocrx_word' id='word_1_27' title='bbox 629 452 752 509; x_wconf 92' lang='lat' dir='ltr'>quod</span> <span class='ocrx_word' id='word_1_28' title='bbox 771 452 918 494; x_wconf 91' lang='lat' dir='ltr'>maius</span> <span class='ocrx_word' id='word_1_29' title='bbox 937 456 1020 501; x_wconf 87' lang='lat' dir='ltr'>est,</span> <span class='ocrx_word' id='word_1_30' title='bbox 1042 451 1109 494; x_wconf 89' lang='lat' dir='ltr'>ita</span> <span class='ocrx_word' id='word_1_31' title='bbox 1128 465 1233 507; x_wconf 89' lang='lat' dir='ltr'>erga</span> <span class='ocrx_word' id='word_1_32' title='bbox 1252 465 1323 493; x_wconf 93' lang='lat' dir='ltr'>me</span> <span class='ocrx_word' id='word_1_33' title='bbox 1343 451 1572 499; x_wconf 77' lang='lat' dir='ltr'>affectam,</span> <span class='ocrx_word' id='word_1_34' title='bbox 1594 454 1647 491; x_wconf 94' lang='lat' dir='ltr'>ut</span> <span class='ocrx_word' id='word_1_35' title='bbox 1671 449 1818 491; x_wconf 81' lang='lat' dir='ltr'>famae</span> <span class='ocrx_word' id='word_1_36' title='bbox 1838 461 2020 504; x_wconf 91' lang='lat' dir='ltr'>quoque</span> 
     </span>
     <span class='ocr_line' id='line_1_5' title="bbox 320 518 2020 578; baseline -0.005 -10"><span class='ocrx_word' id='word_1_37' title='bbox 320 533 365 569; x_wconf 89' lang='lat' dir='ltr'>et</span> <span class='ocrx_word' id='word_1_38' title='bbox 392 525 562 568; x_wconf 90' lang='lat' dir='ltr'>nomini</span> <span class='ocrx_word' id='word_1_39' title='bbox 590 537 703 571; x_wconf 91' lang='lat' dir='ltr'>me0,</span> <span class='ocrx_word' id='word_1_40' title='bbox 731 522 855 578; x_wconf 92' lang='lat' dir='ltr'>quod</span> <span class='ocrx_word' id='word_1_41' title='bbox 880 522 971 564; x_wconf 92' lang='lat' dir='ltr'>scio</span> <span class='ocrx_word' id='word_1_42' title='bbox 997 535 1138 578; x_wconf 90' lang='lat' dir='ltr'>quam</span> <span class='ocrx_word' id='word_1_43' title='bbox 1163 522 1222 564; x_wconf 87' lang='lat' dir='ltr'>sit</span> <span class='ocrx_word' id='word_1_44' title='bbox 1247 521 1475 577; x_wconf 83' lang='lat' dir='ltr'>exiguum,</span> <span class='ocrx_word' id='word_1_45' title='bbox 1503 521 1618 562; x_wconf 92' lang='lat' dir='ltr'>bene</span> <span class='ocrx_word' id='word_1_46' title='bbox 1645 519 1815 575; x_wconf 91' lang='lat' dir='ltr'>cupiat,</span> <span class='ocrx_word' id='word_1_47' title='bbox 1842 518 1890 560; x_wconf 92' lang='lat' dir='ltr'>id</span> <span class='ocrx_word' id='word_1_48' title='bbox 1914 531 2020 561; x_wconf 86' lang='lat' dir='ltr'>vero</span> 
     </span>
     <span class='ocr_line' id='line_1_6' title="bbox 320 589 2069 648; baseline -0.004 -11"><span class='ocrx_word' id='word_1_49' title='bbox 320 596 408 638; x_wconf 90' lang='lat' dir='ltr'>dici</span> <span class='ocrx_word' id='word_1_50' title='bbox 430 595 520 636; x_wconf 93' lang='lat' dir='ltr'>iam</span> <span class='ocrx_word' id='word_1_51' title='bbox 542 607 632 635; x_wconf 91' lang='lat' dir='ltr'>non</span> <span class='ocrx_word' id='word_1_52' title='bbox 655 597 820 648; x_wconf 90' lang='lat' dir='ltr'>potest,</span> <span class='ocrx_word' id='word_1_53' title='bbox 845 597 1072 648; x_wconf 89' lang='lat' dir='ltr'>quantum</span> <span class='ocrx_word' id='word_1_54' title='bbox 1093 606 1165 634; x_wconf 91' lang='lat' dir='ltr'>me</span> <span class='ocrx_word' id='word_1_55' title='bbox 1187 592 1272 634; x_wconf 83' lang='lat' dir='ltr'>sibi</span> <span class='ocrx_word' id='word_1_56' title='bbox 1293 590 1604 639; x_wconf 83' lang='lat' dir='ltr'>obstrinxerit,</span> <span class='ocrx_word' id='word_1_57' title='bbox 1630 590 1715 632; x_wconf 92' lang='lat' dir='ltr'>etsi</span> <span class='ocrx_word' id='word_1_58' title='bbox 1737 589 1828 631; x_wconf 91' lang='lat' dir='ltr'>scio</span> <span class='ocrx_word' id='word_1_59' title='bbox 1846 590 1900 631; x_wconf 93' lang='lat' dir='ltr'>R.</span> <span class='ocrx_word' id='word_1_60' title='bbox 1919 589 2024 631; x_wconf 72' lang='lat' dir='ltr'>Vram</span> <span class='ocrx_word' id='word_1_61' title='bbox 2052 598 2069 626; x_wconf 90' lang='lat'><strong>5</strong></span> 
     </span>
     <span class='ocr_line' id='line_1_7' title="bbox 319 658 2023 719; baseline -0.004 -13"><span class='ocrx_word' id='word_1_62' title='bbox 319 667 403 708; x_wconf 90' lang='lat' dir='ltr'>hoc</span> <span class='ocrx_word' id='word_1_63' title='bbox 428 678 517 706; x_wconf 91' lang='lat' dir='ltr'>non</span> <span class='ocrx_word' id='word_1_64' title='bbox 543 669 639 705; x_wconf 84' lang='lat' dir='ltr'>tam</span> <span class='ocrx_word' id='word_1_65' title='bbox 664 662 751 705; x_wconf 89' lang='lat' dir='ltr'>mei</span> <span class='ocrx_word' id='word_1_66' title='bbox 775 677 912 705; x_wconf 89' lang='lat' dir='ltr'>causa</span> <span class='ocrx_word' id='word_1_67' title='bbox 935 662 1103 712; x_wconf 83' lang='lat' dir='ltr'>fecisse,</span> <span class='ocrx_word' id='word_1_68' title='bbox 1125 677 1264 719; x_wconf 91' lang='lat' dir='ltr'>quam</span> <span class='ocrx_word' id='word_1_69' title='bbox 1305 662 1374 704; x_wconf 91' lang='lat' dir='ltr'>sui</span> <span class='ocrx_word' id='word_1_70' title='bbox 1412 661 1553 718; x_wconf 93' lang='lat' dir='ltr'>ipsius</span> <span class='ocrx_word' id='word_1_71' title='bbox 1576 666 1622 703; x_wconf 91' lang='lat' dir='ltr'>et</span> <span class='ocrx_word' id='word_1_72' title='bbox 1648 674 1753 702; x_wconf 90' lang='lat' dir='ltr'>cum</span> <span class='ocrx_word' id='word_1_73' title='bbox 1777 673 1833 702; x_wconf 90' lang='lat' dir='ltr'>ex</span> <span class='ocrx_word' id='word_1_74' title='bbox 1857 658 2023 702; x_wconf 89' lang='lat' dir='ltr'>amoris</span> 
     </span>
     <span class='ocr_line' id='line_1_8' title="bbox 320 729 2023 790; baseline -0.004 -12"><span class='ocrx_word' id='word_1_75' title='bbox 320 734 617 783; x_wconf 88' lang='lat' dir='ltr'>abundantia,</span> <span class='ocrx_word' id='word_1_76' title='bbox 642 739 743 776; x_wconf 90' lang='lat' dir='ltr'>turn</span> <span class='ocrx_word' id='word_1_77' title='bbox 769 733 951 790; x_wconf 89' lang='lat' dir='ltr'>propria</span> <span class='ocrx_word' id='word_1_78' title='bbox 972 733 1172 789; x_wconf 90' lang='lat' dir='ltr'>quadam</span> <span class='ocrx_word' id='word_1_79' title='bbox 1195 738 1386 775; x_wconf 88' lang='lat' dir='ltr'>naturae</span> <span class='ocrx_word' id='word_1_80' title='bbox 1402 746 1510 774; x_wconf 92' lang='lat' dir='ltr'>suae</span> <span class='ocrx_word' id='word_1_81' title='bbox 1528 731 1751 773; x_wconf 89' lang='lat' dir='ltr'>bonitate.</span> <span class='ocrx_word' id='word_1_82' title='bbox 1772 729 2023 786; x_wconf 89' lang='lat' dir='ltr'>Ecquidem</span> 
     </span>
     <span class='ocr_line' id='line_1_9' title="bbox 322 799 2024 859; baseline -0.004 -11"><span class='ocrx_word' id='word_1_83' title='bbox 322 808 375 848; x_wconf 94' lang='lat' dir='ltr'>R.</span> <span class='ocrx_word' id='word_1_84' title='bbox 393 806 466 848; x_wconf 80' lang='lat' dir='ltr'>Vra</span> <span class='ocrx_word' id='word_1_85' title='bbox 482 818 698 859; x_wconf 81' lang='lat' dir='ltr'>magnum</span> <span class='ocrx_word' id='word_1_86' title='bbox 714 804 844 846; x_wconf 92' lang='lat' dir='ltr'>nobis</span> <span class='ocrx_word' id='word_1_87' title='bbox 866 804 935 845; x_wconf 92' lang='lat' dir='ltr'>sui</span> <span class='ocrx_word' id='word_1_88' title='bbox 958 803 1230 846; x_wconf 92' lang='lat' dir='ltr'>desiderium</span> <span class='ocrx_word' id='word_1_89' title='bbox 1246 803 1442 859; x_wconf 84' lang='lat' dir='ltr'>reliquit,</span> <span class='ocrx_word' id='word_1_90' title='bbox 1465 815 1704 858; x_wconf 89' lang='lat' dir='ltr'>nunquam</span> <span class='ocrx_word' id='word_1_91' title='bbox 1725 800 1792 842; x_wconf 92' lang='lat' dir='ltr'>ita</span> <span class='ocrx_word' id='word_1_92' title='bbox 1813 799 2024 855; x_wconf 84' lang='lat' dir='ltr'>congredi</span> 
     </span>
     <span class='ocr_line' id='line_1_10' title="bbox 321 867 2025 930; baseline -0.004 -13"><span class='ocrx_word' id='word_1_93' title='bbox 321 876 411 918; x_wconf 93' lang='lat' dir='ltr'>iam</span> <span class='ocrx_word' id='word_1_94' title='bbox 431 890 534 917; x_wconf 91' lang='lat' dir='ltr'>cum</span> <span class='ocrx_word' id='word_1_95' title='bbox 565 874 772 930; x_wconf 89' lang='lat' dir='ltr'>patribus</span> <span class='ocrx_word' id='word_1_96' title='bbox 803 867 1056 930; x_wconf 88' lang='lat' dir='ltr'>possumus,</span> <span class='ocrx_word' id='word_1_97' title='bbox 1076 874 1187 930; x_wconf 92' lang='lat' dir='ltr'>quin</span> <span class='ocrx_word' id='word_1_98' title='bbox 1210 875 1264 916; x_wconf 92' lang='lat' dir='ltr'>R.</span> <span class='ocrx_word' id='word_1_99' title='bbox 1286 874 1390 916; x_wconf 50' lang='lat' dir='ltr'>V‘am</span> <span class='ocrx_word' id='word_1_100' title='bbox 1415 873 1461 914; x_wconf 90' lang='lat' dir='ltr'>in</span> <span class='ocrx_word' id='word_1_101' title='bbox 1479 872 1635 921; x_wconf 90' lang='lat' dir='ltr'>oculis,</span> <span class='ocrx_word' id='word_1_102' title='bbox 1656 872 1702 913; x_wconf 93' lang='lat' dir='ltr'>in</span> <span class='ocrx_word' id='word_1_103' title='bbox 1721 885 1810 920; x_wconf 92' lang='lat' dir='ltr'>ore,</span> <span class='ocrx_word' id='word_1_104' title='bbox 1831 870 2025 926; x_wconf 89' lang='lat' dir='ltr'>denique</span> 
     </span>
     <span class='ocr_line' id='line_1_11' title="bbox 320 942 2072 1000; baseline -0.006 -12"><span class='ocrx_word' id='word_1_105' title='bbox 320 946 557 988; x_wconf 90' lang='lat' dir='ltr'>nobiscum</span> <span class='ocrx_word' id='word_1_106' title='bbox 592 959 768 1000; x_wconf 81' lang='lat' dir='ltr'>semper</span> <span class='ocrx_word' id='word_1_107' title='bbox 802 945 1053 987; x_wconf 80' lang='lat' dir='ltr'>habeamus</span> <span class='ocrx_word' id='word_1_108' title='bbox 1088 959 1139 986; x_wconf 91' lang='lat' dir='ltr'>ac</span> <span class='ocrx_word' id='word_1_109' title='bbox 1175 950 1399 1000; x_wconf 84' lang='lat' dir='ltr'>tanquam</span> <span class='ocrx_word' id='word_1_110' title='bbox 1438 947 1675 999; x_wconf 81' lang='lat' dir='ltr'>praesente</span> <span class='ocrx_word' id='word_1_111' title='bbox 1701 942 1800 997; x_wconf 89' lang='lat' dir='ltr'>ipsa</span> <span class='ocrx_word' id='word_1_112' title='bbox 1822 946 1868 984; x_wconf 89' lang='lat' dir='ltr'>et</span> <span class='ocrx_word' id='word_1_113' title='bbox 1891 945 2072 990; x_wconf 85' lang='lat' dir='ltr'>teste,1o</span> 
     </span>
     <span class='ocr_line' id='line_1_12' title="bbox 321 1014 2022 1070; baseline -0.003 -12"><span class='ocrx_word' id='word_1_114' title='bbox 321 1030 477 1059; x_wconf 91' lang='lat' dir='ltr'>omnes</span> <span class='ocrx_word' id='word_1_115' title='bbox 516 1030 585 1057; x_wconf 88' lang='lat' dir='ltr'>res</span> <span class='ocrx_word' id='word_1_116' title='bbox 624 1020 802 1057; x_wconf 91' lang='lat' dir='ltr'>nostras</span> <span class='ocrx_word' id='word_1_117' title='bbox 841 1015 1146 1057; x_wconf 86' lang='lat' dir='ltr'>conficiamus.</span> <span class='ocrx_word' id='word_1_118' title='bbox 1191 1015 1347 1070; x_wconf 91' lang='lat' dir='ltr'>Nuper</span> <span class='ocrx_word' id='word_1_119' title='bbox 1386 1014 1683 1057; x_wconf 87' lang='lat' dir='ltr'>Colosvarum</span> <span class='ocrx_word' id='word_1_120' title='bbox 1723 1025 2022 1059; x_wconf 87' lang='lat' dir='ltr'>excurreram,</span> 
     </span>
     <span class='ocr_line' id='line_1_13' title="bbox 322 1082 2024 1129; baseline -0.003 -1"><span class='ocrx_word' id='word_1_121' title='bbox 322 1093 374 1129; x_wconf 89' lang='lat' dir='ltr'>ut</span> <span class='ocrx_word' id='word_1_122' title='bbox 405 1087 495 1129; x_wconf 92' lang='lat' dir='ltr'>iam</span> <span class='ocrx_word' id='word_1_123' title='bbox 526 1086 713 1128; x_wconf 89' lang='lat' dir='ltr'>tandem</span> <span class='ocrx_word' id='word_1_124' title='bbox 743 1087 999 1128; x_wconf 86' lang='lat' dir='ltr'>scholarum</span> <span class='ocrx_word' id='word_1_125' title='bbox 1029 1085 1393 1128; x_wconf 85' lang='lat' dir='ltr'>aedificationem</span> <span class='ocrx_word' id='word_1_126' title='bbox 1423 1098 1475 1126; x_wconf 92' lang='grc'>36</span> <span class='ocrx_word' id='word_1_127' title='bbox 1506 1082 1770 1126; x_wconf 90' lang='lat' dir='ltr'>monasterii</span> <span class='ocrx_word' id='word_1_128' title='bbox 1802 1087 2024 1124; x_wconf 90' lang='lat' dir='ltr'>restaura-</span> 
     </span>
     <span class='ocr_line' id='line_1_14' title="bbox 324 1152 2023 1212; baseline -0.002 -14"><span class='ocrx_word' id='word_1_129' title='bbox 324 1158 494 1199; x_wconf 89' lang='lat' dir='ltr'>tionem</span> <span class='ocrx_word' id='word_1_130' title='bbox 516 1156 809 1211; x_wconf 77' lang='lat' dir='ltr'>designarem,</span> <span class='ocrx_word' id='word_1_131' title='bbox 833 1171 992 1212; x_wconf 79' lang='lat' dir='ltr'>operas</span> <span class='ocrx_word' id='word_1_132' title='bbox 1013 1156 1325 1205; x_wconf 86' lang='lat' dir='ltr'>conducerem,</span> <span class='ocrx_word' id='word_1_133' title='bbox 1349 1155 1533 1211; x_wconf 85' lang='lat' dir='ltr'>opifices</span> <span class='ocrx_word' id='word_1_134' title='bbox 1554 1153 1698 1196; x_wconf 88' lang='lat' dir='ltr'>labori</span> <span class='ocrx_word' id='word_1_135' title='bbox 1719 1152 2023 1200; x_wconf 90' lang='lat' dir='ltr'>admoverem,</span> 
     </span>
     <span class='ocr_line' id='line_1_15' title="bbox 324 1223 2026 1283; baseline -0.004 -13"><span class='ocrx_word' id='word_1_136' title='bbox 324 1228 508 1270; x_wconf 90' lang='lat' dir='ltr'>demum</span> <span class='ocrx_word' id='word_1_137' title='bbox 536 1227 688 1268; x_wconf 92' lang='lat' dir='ltr'>omnia</span> <span class='ocrx_word' id='word_1_138' title='bbox 704 1241 920 1276; x_wconf 88' lang='lat' dir='ltr'>curarem,</span> <span class='ocrx_word' id='word_1_139' title='bbox 952 1241 1068 1283; x_wconf 90' lang='lat' dir='ltr'>quae</span> <span class='ocrx_word' id='word_1_140' title='bbox 1094 1226 1345 1269; x_wconf 83' lang='lat' dir='ltr'>necessaria</span> <span class='ocrx_word' id='word_1_141' title='bbox 1361 1240 1454 1269; x_wconf 90' lang='lat' dir='ltr'>esse</span> <span class='ocrx_word' id='word_1_142' title='bbox 1470 1224 1747 1268; x_wconf 89' lang='lat' dir='ltr'>viderentur.</span> <span class='ocrx_word' id='word_1_143' title='bbox 1768 1223 1882 1266; x_wconf 88' lang='lat' dir='ltr'>Cum</span> <span class='ocrx_word' id='word_1_144' title='bbox 1897 1227 2026 1278; x_wconf 89' lang='lat' dir='ltr'>patre</span> 
     </span>
     <span class='ocr_line' id='line_1_16' title="bbox 325 1293 2075 1353; baseline -0.005 -13"><span class='ocrx_word' id='word_1_145' title='bbox 325 1303 497 1340; x_wconf 91' lang='lat' dir='ltr'>rectore</span> <span class='ocrx_word' id='word_1_146' title='bbox 514 1299 530 1323; x_wconf 88' lang='lat'>2</span> <span class='ocrx_word' id='word_1_147' title='bbox 556 1303 600 1339; x_wconf 90' lang='lat' dir='ltr'>et</span> <span class='ocrx_word' id='word_1_148' title='bbox 625 1298 673 1340; x_wconf 89' lang='lat' dir='ltr'>P.</span> <span class='ocrx_word' id='word_1_149' title='bbox 698 1298 930 1353; x_wconf 77' lang='lat' dir='ltr'>Stephano</span> <span class='ocrx_word' id='word_1_150' title='bbox 959 1297 1335 1353; x_wconf 78' lang='lat' dir='ltr'>perlustravimus</span> <span class='ocrx_word' id='word_1_151' title='bbox 1363 1295 1529 1344; x_wconf 91' lang='lat' dir='ltr'>omnia,</span> <span class='ocrx_word' id='word_1_152' title='bbox 1560 1295 1711 1338; x_wconf 90' lang='lat' dir='ltr'>locum</span> <span class='ocrx_word' id='word_1_153' title='bbox 1738 1293 1902 1336; x_wconf 91' lang='lat' dir='ltr'>scholis</span> <span class='ocrx_word' id='word_1_154' title='bbox 1930 1306 2026 1348; x_wconf 91' lang='lat' dir='ltr'>per·</span> <span class='ocrx_word' id='word_1_155' title='bbox 2042 1302 2075 1331; x_wconf 88' lang='lat'>15</span> 
     </span>
     <span class='ocr_line' id='line_1_17' title="bbox 326 1362 2028 1423; baseline -0.004 -12"><span class='ocrx_word' id='word_1_156' title='bbox 326 1367 616 1411; x_wconf 90' lang='lat' dir='ltr'>commodum</span> <span class='ocrx_word' id='word_1_157' title='bbox 648 1367 770 1409; x_wconf 91' lang='lat' dir='ltr'>nacti</span> <span class='ocrx_word' id='word_1_158' title='bbox 801 1382 969 1416; x_wconf 89' lang='lat' dir='ltr'>sumus,</span> <span class='ocrx_word' id='word_1_159' title='bbox 1019 1367 1314 1423; x_wconf 89' lang='lat' dir='ltr'>probavimus</span> <span class='ocrx_word' id='word_1_160' title='bbox 1345 1373 1390 1409; x_wconf 88' lang='lat' dir='ltr'>et</span> <span class='ocrx_word' id='word_1_161' title='bbox 1422 1366 1590 1415; x_wconf 87' lang='lat' dir='ltr'>omnia,</span> <span class='ocrx_word' id='word_1_162' title='bbox 1623 1379 1741 1422; x_wconf 89' lang='lat' dir='ltr'>quae</span> <span class='ocrx_word' id='word_1_163' title='bbox 1772 1364 1820 1406; x_wconf 93' lang='lat' dir='ltr'>in</span> <span class='ocrx_word' id='word_1_164' title='bbox 1850 1378 1902 1406; x_wconf 90' lang='lat' dir='ltr'>eo</span> <span class='ocrx_word' id='word_1_165' title='bbox 1933 1362 2028 1405; x_wconf 88' lang='lat' dir='ltr'>fieri</span> 
     </span>
     <span class='ocr_line' id='line_1_18' title="bbox 327 1433 2024 1494; baseline -0.004 -13"><span class='ocrx_word' id='word_1_166' title='bbox 327 1439 556 1486; x_wconf 91' lang='lat' dir='ltr'>deberent,</span> <span class='ocrx_word' id='word_1_167' title='bbox 591 1438 749 1480; x_wconf 90' lang='lat' dir='ltr'>statim</span> <span class='ocrx_word' id='word_1_168' title='bbox 788 1438 1120 1480; x_wconf 89' lang='lat' dir='ltr'>constituimus.</span> <span class='ocrx_word' id='word_1_169' title='bbox 1157 1438 1318 1480; x_wconf 90' lang='lat' dir='ltr'>Nescio</span> <span class='ocrx_word' id='word_1_170' title='bbox 1351 1437 1580 1494; x_wconf 92' lang='lat' dir='ltr'>quomodo</span> <span class='ocrx_word' id='word_1_171' title='bbox 1614 1441 1751 1478; x_wconf 90' lang='lat' dir='ltr'>antea</span> <span class='ocrx_word' id='word_1_172' title='bbox 1782 1435 1907 1477; x_wconf 94' lang='lat' dir='ltr'>locus</span> <span class='ocrx_word' id='word_1_173' title='bbox 1939 1433 2024 1482; x_wconf 92' lang='lat' dir='ltr'>ille,</span> 
     </span>
     <span class='ocr_line' id='line_1_19' title="bbox 327 1505 2028 1562; baseline -0.002 -12"><span class='ocrx_word' id='word_1_174' title='bbox 327 1523 431 1551; x_wconf 91' lang='lat' dir='ltr'>cum</span> <span class='ocrx_word' id='word_1_175' title='bbox 461 1508 518 1550; x_wconf 90' lang='lat' dir='ltr'>sit</span> <span class='ocrx_word' id='word_1_176' title='bbox 549 1508 662 1550; x_wconf 89' lang='lat' dir='ltr'>adeo</span> <span class='ocrx_word' id='word_1_177' title='bbox 698 1509 872 1550; x_wconf 85' lang='lat' dir='ltr'>vicinus</span> <span class='ocrx_word' id='word_1_178' title='bbox 917 1508 1205 1557; x_wconf 89' lang='lat' dir='ltr'>monasterio,</span> <span class='ocrx_word' id='word_1_179' title='bbox 1238 1509 1377 1550; x_wconf 89' lang='lat' dir='ltr'>latere</span> <span class='ocrx_word' id='word_1_180' title='bbox 1408 1522 1489 1549; x_wconf 92' lang='lat' dir='ltr'>nos</span> <span class='ocrx_word' id='word_1_181' title='bbox 1520 1507 1735 1562; x_wconf 87' lang='lat' dir='ltr'>potuerit,</span> <span class='ocrx_word' id='word_1_182' title='bbox 1768 1505 1897 1547; x_wconf 92' lang='lat' dir='ltr'>doleo</span> <span class='ocrx_word' id='word_1_183' title='bbox 1929 1510 2028 1546; x_wconf 91' lang='lat' dir='ltr'>tum</span> 
     </span>
     <span class='ocr_line' id='line_1_20' title="bbox 329 1574 2029 1631; baseline -0.003 -10"><span class='ocrx_word' id='word_1_184' title='bbox 329 1579 477 1621; x_wconf 84' lang='lat' dir='ltr'>visum</span> <span class='ocrx_word' id='word_1_185' title='bbox 503 1578 632 1620; x_wconf 91' lang='lat' dir='ltr'>nobis</span> <span class='ocrx_word' id='word_1_186' title='bbox 665 1593 755 1620; x_wconf 93' lang='lat' dir='ltr'>non</span> <span class='ocrx_word' id='word_1_187' title='bbox 782 1579 930 1627; x_wconf 80' lang='lat' dir='ltr'>fuisse,</span> <span class='ocrx_word' id='word_1_188' title='bbox 960 1579 1070 1621; x_wconf 90' lang='lat' dir='ltr'>dum</span> <span class='ocrx_word' id='word_1_189' title='bbox 1096 1593 1188 1621; x_wconf 90' lang='lat' dir='ltr'>una</span> <span class='ocrx_word' id='word_1_190' title='bbox 1213 1593 1317 1621; x_wconf 90' lang='lat' dir='ltr'>cum</span> <span class='ocrx_word' id='word_1_191' title='bbox 1345 1580 1398 1621; x_wconf 91' lang='lat' dir='ltr'>R.</span> <span class='ocrx_word' id='word_1_192' title='bbox 1427 1579 1501 1620; x_wconf 70' lang='lat' dir='ltr'>Vta</span> <span class='ocrx_word' id='word_1_193' title='bbox 1526 1577 1588 1619; x_wconf 92' lang='lat' dir='ltr'>ibi</span> <span class='ocrx_word' id='word_1_194' title='bbox 1634 1576 1815 1624; x_wconf 79' lang='lat' dir='ltr'>fuimus,</span> <span class='ocrx_word' id='word_1_195' title='bbox 1843 1574 1967 1631; x_wconf 91' lang='lat' dir='ltr'>quod</span> <span class='ocrx_word' id='word_1_196' title='bbox 1993 1574 2029 1616; x_wconf 91' lang='lat' dir='ltr'>si</span> 
     </span>
     <span class='ocr_line' id='line_1_21' title="bbox 330 1646 2079 1703; baseline -0.003 -12"><span class='ocrx_word' id='word_1_197' title='bbox 330 1650 504 1691; x_wconf 85' lang='lat' dir='ltr'>factum</span> <span class='ocrx_word' id='word_1_198' title='bbox 531 1649 701 1697; x_wconf 76' lang='lat' dir='ltr'>fuisset,</span> <span class='ocrx_word' id='word_1_199' title='bbox 740 1649 849 1690; x_wconf 82' lang='lat' dir='ltr'>nihil</span> <span class='ocrx_word' id='word_1_200' title='bbox 884 1663 1004 1691; x_wconf 87' lang='lat' dir='ltr'>nunc</span> <span class='ocrx_word' id='word_1_201' title='bbox 1028 1651 1081 1691; x_wconf 89' lang='lat' dir='ltr'>R.</span> <span class='ocrx_word' id='word_1_202' title='bbox 1107 1650 1196 1691; x_wconf 69' lang='lat' dir='ltr'>Vrae</span> <span class='ocrx_word' id='word_1_203' title='bbox 1218 1649 1333 1691; x_wconf 80' lang='lat' dir='ltr'>forte</span> <span class='ocrx_word' id='word_1_204' title='bbox 1356 1663 1409 1691; x_wconf 91' lang='lat' dir='ltr'>ea</span> <span class='ocrx_word' id='word_1_205' title='bbox 1431 1648 1485 1690; x_wconf 90' lang='lat' dir='ltr'>de</span> <span class='ocrx_word' id='word_1_206' title='bbox 1509 1662 1554 1690; x_wconf 93' lang='lat' dir='ltr'>re</span> <span class='ocrx_word' id='word_1_207' title='bbox 1577 1646 1873 1703; x_wconf 83' lang='lat' dir='ltr'>cogitandum</span> <span class='ocrx_word' id='word_1_208' title='bbox 1896 1650 2026 1688; x_wconf 91' lang='lat' dir='ltr'>esset.</span> <span class='ocrx_word' id='word_1_209' title='bbox 2044 1655 2079 1683; x_wconf 82' lang='lat'>20</span> 
     </span>
     <span class='ocr_line' id='line_1_22' title="bbox 331 1717 2032 1775; baseline -0.003 -13"><span class='ocrx_word' id='word_1_210' title='bbox 331 1719 419 1762; x_wconf 82' lang='lat' dir='ltr'>Sed</span> <span class='ocrx_word' id='word_1_211' title='bbox 437 1724 548 1775; x_wconf 90' lang='lat' dir='ltr'>puto</span> <span class='ocrx_word' id='word_1_212' title='bbox 567 1733 657 1761; x_wconf 89' lang='lat' dir='ltr'>non</span> <span class='ocrx_word' id='word_1_213' title='bbox 674 1719 768 1761; x_wconf 90' lang='lat' dir='ltr'>sine</span> <span class='ocrx_word' id='word_1_214' title='bbox 792 1719 1030 1762; x_wconf 84' lang='lat' dir='ltr'>voluntate</span> <span class='ocrx_word' id='word_1_215' title='bbox 1049 1719 1205 1761; x_wconf 86' lang='lat' dir='ltr'>divina</span> <span class='ocrx_word' id='word_1_216' title='bbox 1223 1719 1269 1761; x_wconf 92' lang='lat' dir='ltr'>id</span> <span class='ocrx_word' id='word_1_217' title='bbox 1286 1719 1501 1767; x_wconf 86' lang='lat' dir='ltr'>evenisse,</span> <span class='ocrx_word' id='word_1_218' title='bbox 1522 1732 1613 1774; x_wconf 89' lang='lat' dir='ltr'>quo</span> <span class='ocrx_word' id='word_1_219' title='bbox 1643 1717 1812 1760; x_wconf 90' lang='lat' dir='ltr'>scilicet</span> <span class='ocrx_word' id='word_1_220' title='bbox 1843 1718 1896 1759; x_wconf 90' lang='lat' dir='ltr'>R.</span> <span class='ocrx_word' id='word_1_221' title='bbox 1928 1717 2032 1758; x_wconf 75' lang='lat' dir='ltr'>Vram</span> 
     </span>
     <span class='ocr_line' id='line_1_23' title="bbox 332 1785 2031 1844; baseline -0.003 -12"><span class='ocrx_word' id='word_1_222' title='bbox 332 1790 403 1832; x_wconf 90' lang='lat' dir='ltr'>vel</span> <span class='ocrx_word' id='word_1_223' title='bbox 423 1791 507 1831; x_wconf 93' lang='lat' dir='ltr'>hoc</span> <span class='ocrx_word' id='word_1_224' title='bbox 528 1789 722 1839; x_wconf 91' lang='lat' dir='ltr'>nomine,</span> <span class='ocrx_word' id='word_1_225' title='bbox 746 1795 797 1831; x_wconf 91' lang='lat' dir='ltr'>ut</span> <span class='ocrx_word' id='word_1_226' title='bbox 819 1790 994 1832; x_wconf 91' lang='lat' dir='ltr'>scholas</span> <span class='ocrx_word' id='word_1_227' title='bbox 1015 1796 1194 1832; x_wconf 89' lang='lat' dir='ltr'>nostras</span> <span class='ocrx_word' id='word_1_228' title='bbox 1210 1790 1345 1832; x_wconf 92' lang='lat' dir='ltr'>adeat</span> <span class='ocrx_word' id='word_1_229' title='bbox 1361 1795 1406 1831; x_wconf 92' lang='lat' dir='ltr'>et</span> <span class='ocrx_word' id='word_1_230' title='bbox 1423 1788 1771 1844; x_wconf 90' lang='lat' dir='ltr'>contempletur,</span> <span class='ocrx_word' id='word_1_231' title='bbox 1794 1788 1883 1830; x_wconf 93' lang='lat' dir='ltr'>huc</span> <span class='ocrx_word' id='word_1_232' title='bbox 1903 1785 2031 1829; x_wconf 89' lang='lat' dir='ltr'>brevi</span> 
     </span>
     <span class='ocr_line' id='line_1_24' title="bbox 332 1857 2032 1916; baseline -0.002 -14"><span class='ocrx_word' id='word_1_233' title='bbox 332 1861 497 1902; x_wconf 90' lang='lat' dir='ltr'>iterum</span> <span class='ocrx_word' id='word_1_234' title='bbox 534 1861 863 1915; x_wconf 78' lang='lat' dir='ltr'>pertrahamus.</span> <span class='ocrx_word' id='word_1_235' title='bbox 904 1860 1078 1902; x_wconf 90' lang='lat' dir='ltr'>Literas</span> <span class='ocrx_word' id='word_1_236' title='bbox 1114 1874 1284 1909; x_wconf 87' lang='lat' dir='ltr'>omnes,</span> <span class='ocrx_word' id='word_1_237' title='bbox 1323 1873 1437 1916; x_wconf 88' lang='lat' dir='ltr'>quas</span> <span class='ocrx_word' id='word_1_238' title='bbox 1474 1864 1577 1915; x_wconf 94' lang='lat' dir='ltr'>post</span> <span class='ocrx_word' id='word_1_239' title='bbox 1614 1872 1748 1901; x_wconf 90' lang='lat' dir='ltr'>suum</span> <span class='ocrx_word' id='word_1_240' title='bbox 1785 1857 2032 1900; x_wconf 88' lang='lat' dir='ltr'>discessum</span> 
     </span>
     <span class='ocr_line' id='line_1_25' title="bbox 333 1927 2032 1986; baseline -0.002 -14"><span class='ocrx_word' id='word_1_241' title='bbox 333 1930 602 1986; x_wconf 59' lang='lat' dir='ltr'>accepimus</span> <span class='ocrx_word' id='word_1_242' title='bbox 633 1931 733 1972; x_wconf 88' lang='lat' dir='ltr'>misi</span> <span class='ocrx_word' id='word_1_243' title='bbox 763 1931 921 1972; x_wconf 86' lang='lat' dir='ltr'>statim</span> <span class='ocrx_word' id='word_1_244' title='bbox 944 1930 1003 1972; x_wconf 92' lang='lat' dir='ltr'>ad</span> <span class='ocrx_word' id='word_1_245' title='bbox 1026 1931 1072 1972; x_wconf 91' lang='lat' dir='ltr'>P.</span> <span class='ocrx_word' id='word_1_246' title='bbox 1099 1931 1336 1979; x_wconf 81' lang='lat' dir='ltr'>Lelesium,</span> <span class='ocrx_word' id='word_1_247' title='bbox 1366 1930 1532 1986; x_wconf 88' lang='lat' dir='ltr'>quibus</span> <span class='ocrx_word' id='word_1_248' title='bbox 1560 1929 1632 1971; x_wconf 90' lang='lat' dir='ltr'>ille</span> <span class='ocrx_word' id='word_1_249' title='bbox 1663 1934 1823 1985; x_wconf 87' lang='lat' dir='ltr'>postea</span> <span class='ocrx_word' id='word_1_250' title='bbox 1853 1927 2032 1970; x_wconf 83' lang='lat' dir='ltr'>addidit</span> 
     </span>
     <span class='ocr_line' id='line_1_26' title="bbox 333 1997 2082 2057; baseline -0.002 -15"><span class='ocrx_word' id='word_1_251' title='bbox 333 2015 437 2043; x_wconf 91' lang='lat' dir='ltr'>suas</span> <span class='ocrx_word' id='word_1_252' title='bbox 464 2015 514 2043; x_wconf 94' lang='grc'>36</span> <span class='ocrx_word' id='word_1_253' title='bbox 539 2001 707 2042; x_wconf 85' lang='grc'>61115011</span> <span class='ocrx_word' id='word_1_254' title='bbox 745 2001 956 2043; x_wconf 92' lang='lat' dir='ltr'>Polonico</span> <span class='ocrx_word' id='word_1_255' title='bbox 984 2001 1042 2043; x_wconf 92' lang='lat' dir='ltr'>ad</span> <span class='ocrx_word' id='word_1_256' title='bbox 1067 2003 1120 2043; x_wconf 92' lang='lat' dir='ltr'>R.</span> <span class='ocrx_word' id='word_1_257' title='bbox 1163 2003 1266 2043; x_wconf 81' lang='lat' dir='ltr'>Vram</span> <span class='ocrx_word' id='word_1_258' title='bbox 1297 2000 1600 2057; x_wconf 80' lang='lat' dir='ltr'>perferendas,</span> <span class='ocrx_word' id='word_1_259' title='bbox 1628 2013 1706 2055; x_wconf 89' lang='lat' dir='ltr'>per</span> <span class='ocrx_word' id='word_1_260' title='bbox 1729 2013 1800 2041; x_wconf 91' lang='lat' dir='ltr'>me</span> <span class='ocrx_word' id='word_1_261' title='bbox 1825 1997 2029 2040; x_wconf 89' lang='lat' dir='ltr'>tradidit.</span> <span class='ocrx_word' id='word_1_262' title='bbox 2047 2008 2082 2036; x_wconf 88' lang='lat'>25</span> 
     </span>
     <span class='ocr_line' id='line_1_27' title="bbox 335 2068 2033 2127; baseline -0.002 -14"><span class='ocrx_word' id='word_1_263' title='bbox 335 2071 406 2114; x_wconf 84' lang='lat' dir='ltr'>Sic</span> <span class='ocrx_word' id='word_1_264' title='bbox 438 2071 602 2113; x_wconf 86' lang='lat' dir='ltr'>scimus</span> <span class='ocrx_word' id='word_1_265' title='bbox 645 2071 829 2127; x_wconf 92' lang='lat' dir='ltr'>quidem</span> <span class='ocrx_word' id='word_1_266' title='bbox 866 2072 1063 2127; x_wconf 85' lang='lat' dir='ltr'>perlatas</span> <span class='ocrx_word' id='word_1_267' title='bbox 1094 2086 1145 2114; x_wconf 93' lang='lat' dir='ltr'>eo</span> <span class='ocrx_word' id='word_1_268' title='bbox 1176 2085 1332 2114; x_wconf 90' lang='lat' dir='ltr'>omnes</span> <span class='ocrx_word' id='word_1_269' title='bbox 1373 2085 1481 2120; x_wconf 88' lang='lat' dir='ltr'>esse,</span> <span class='ocrx_word' id='word_1_270' title='bbox 1515 2070 1596 2113; x_wconf 92' lang='lat' dir='ltr'>sed</span> <span class='ocrx_word' id='word_1_271' title='bbox 1626 2072 1680 2113; x_wconf 93' lang='lat' dir='ltr'>R.</span> <span class='ocrx_word' id='word_1_272' title='bbox 1713 2071 1803 2112; x_wconf 72' lang='lat' dir='ltr'>Vrae</span> <span class='ocrx_word' id='word_1_273' title='bbox 1831 2068 2033 2111; x_wconf 91' lang='lat' dir='ltr'>redditas</span> 
     </span>
     <span class='ocr_line' id='line_1_28' title="bbox 334 2140 2030 2191; baseline -0.001 -9"><span class='ocrx_word' id='word_1_274' title='bbox 334 2141 538 2183; x_wconf 93' lang='lat' dir='ltr'>nondum</span> <span class='ocrx_word' id='word_1_275' title='bbox 553 2141 871 2184; x_wconf 87' lang='lat' dir='ltr'>intelleximus.</span> <span class='ocrx_word' id='word_1_276' title='bbox 892 2143 939 2184; x_wconf 91' lang='lat' dir='ltr'>P.</span> <span class='ocrx_word' id='word_1_277' title='bbox 959 2142 1157 2184; x_wconf 90' lang='lat' dir='ltr'>Lelesius</span> <span class='ocrx_word' id='word_1_278' title='bbox 1173 2157 1277 2185; x_wconf 92' lang='lat' dir='ltr'>cum</span> <span class='ocrx_word' id='word_1_279' title='bbox 1293 2143 1341 2184; x_wconf 93' lang='lat' dir='ltr'>P.</span> <span class='ocrx_word' id='word_1_280' title='bbox 1354 2141 1561 2191; x_wconf 82' lang='lat' dir='ltr'>Aloisio,3</span> <span class='ocrx_word' id='word_1_281' title='bbox 1575 2141 1635 2183; x_wconf 89' lang='lat' dir='ltr'>ad</span> <span class='ocrx_word' id='word_1_282' title='bbox 1650 2140 1822 2183; x_wconf 91' lang='lat' dir='ltr'>vicinos</span> <span class='ocrx_word' id='word_1_283' title='bbox 1839 2144 2030 2187; x_wconf 90' lang='lat' dir='ltr'>montes,</span> 
     </span>
     <span class='ocr_line' id='line_1_29' title="bbox 334 2210 2031 2268; baseline -0.001 -15"><span class='ocrx_word' id='word_1_284' title='bbox 334 2212 413 2254; x_wconf 90' lang='lat' dir='ltr'>ubi</span> <span class='ocrx_word' id='word_1_285' title='bbox 446 2226 608 2254; x_wconf 90' lang='lat' dir='ltr'>aurum</span> <span class='ocrx_word' id='word_1_286' title='bbox 641 2212 826 2262; x_wconf 89' lang='lat' dir='ltr'>eruitur,</span> <span class='ocrx_word' id='word_1_287' title='bbox 863 2213 1002 2255; x_wconf 92' lang='lat' dir='ltr'>animi</span> <span class='ocrx_word' id='word_1_288' title='bbox 1035 2227 1172 2255; x_wconf 92' lang='lat' dir='ltr'>causa</span> <span class='ocrx_word' id='word_1_289' title='bbox 1205 2212 1397 2268; x_wconf 77' lang='lat' dir='ltr'>profecti</span> <span class='ocrx_word' id='word_1_290' title='bbox 1429 2217 1551 2261; x_wconf 90' lang='lat' dir='ltr'>sunt,</span> <span class='ocrx_word' id='word_1_291' title='bbox 1586 2211 1678 2254; x_wconf 88' lang='lat' dir='ltr'>iam</span> <span class='ocrx_word' id='word_1_292' title='bbox 1712 2210 1916 2252; x_wconf 90' lang='lat' dir='ltr'>triduum</span> <span class='ocrx_word' id='word_1_293' title='bbox 1949 2214 2031 2258; x_wconf 90' lang='lat' dir='ltr'>est,</span> 
     </span>
     <span class='ocr_line' id='line_1_30' title="bbox 336 2280 2034 2339; baseline -0.001 -16"><span class='ocrx_word' id='word_1_294' title='bbox 336 2288 581 2338; x_wconf 90' lang='lat' dir='ltr'>postquam</span> <span class='ocrx_word' id='word_1_295' title='bbox 597 2283 778 2332; x_wconf 89' lang='lat' dir='ltr'>absunt,</span> <span class='ocrx_word' id='word_1_296' title='bbox 798 2289 911 2339; x_wconf 92' lang='lat' dir='ltr'>puto</span> <span class='ocrx_word' id='word_1_297' title='bbox 927 2283 1025 2326; x_wconf 90' lang='lat' dir='ltr'>illos</span> <span class='ocrx_word' id='word_1_298' title='bbox 1041 2298 1200 2326; x_wconf 91' lang='lat' dir='ltr'>aureos</span> <span class='ocrx_word' id='word_1_299' title='bbox 1217 2288 1339 2326; x_wconf 87' lang='lat' dir='ltr'>totos</span> <span class='ocrx_word' id='word_1_300' title='bbox 1355 2282 1415 2326; x_wconf 93' lang='lat' dir='ltr'>ad</span> <span class='ocrx_word' id='word_1_301' title='bbox 1430 2297 1511 2325; x_wconf 94' lang='lat' dir='ltr'>nos</span> <span class='ocrx_word' id='word_1_302' title='bbox 1527 2282 1765 2330; x_wconf 89' lang='lat' dir='ltr'>redituros,</span> <span class='ocrx_word' id='word_1_303' title='bbox 1784 2281 1856 2323; x_wconf 90' lang='lat' dir='ltr'>vel</span> <span class='ocrx_word' id='word_1_304' title='bbox 1872 2280 2034 2322; x_wconf 91' lang='lat' dir='ltr'>saltem</span> 
     </span>
     <span class='ocr_line' id='line_1_31' title="bbox 336 2350 2084 2409; baseline -0.002 -15"><span class='ocrx_word' id='word_1_305' title='bbox 336 2353 574 2403; x_wconf 85' lang='lat' dir='ltr'>doctiores,</span> <span class='ocrx_word' id='word_1_306' title='bbox 591 2368 730 2409; x_wconf 89' lang='lat' dir='ltr'>quam</span> <span class='ocrx_word' id='word_1_307' title='bbox 755 2354 1067 2403; x_wconf 87' lang='lat' dir='ltr'>discesserant,</span> <span class='ocrx_word' id='word_1_308' title='bbox 1085 2354 1151 2396; x_wconf 94' lang='lat' dir='ltr'>ita</span> <span class='ocrx_word' id='word_1_309' title='bbox 1175 2368 1308 2396; x_wconf 92' lang='lat' dir='ltr'>sensu</span> <span class='ocrx_word' id='word_1_310' title='bbox 1333 2353 1476 2409; x_wconf 85' lang='lat' dir='ltr'>magis</span> <span class='ocrx_word' id='word_1_311' title='bbox 1501 2353 1791 2395; x_wconf 90' lang='lat' dir='ltr'>instruuntur</span> <span class='ocrx_word' id='word_1_312' title='bbox 1814 2350 2032 2399; x_wconf 91' lang='lat' dir='ltr'>homines,</span> <span class='ocrx_word' id='word_1_313' title='bbox 2048 2361 2084 2389; x_wconf 83' lang='grc' dir='ltr'>3ο</span> 
     </span>
     <span class='ocr_line' id='line_1_32' title="bbox 338 2420 2036 2481; baseline -0.002 -16"><span class='ocrx_word' id='word_1_314' title='bbox 338 2437 476 2479; x_wconf 89' lang='lat' dir='ltr'>quam</span> <span class='ocrx_word' id='word_1_315' title='bbox 507 2423 648 2466; x_wconf 89' lang='lat' dir='ltr'>literis</span> <span class='ocrx_word' id='word_1_316' title='bbox 681 2430 819 2481; x_wconf 90' lang='lat' dir='ltr'>atque</span> <span class='ocrx_word' id='word_1_317' title='bbox 852 2424 1117 2480; x_wconf 90' lang='lat' dir='ltr'>praeceptis.</span> <span class='ocrx_word' id='word_1_318' title='bbox 1154 2426 1202 2467; x_wconf 94' lang='lat' dir='ltr'>P.</span> <span class='ocrx_word' id='word_1_319' title='bbox 1237 2424 1434 2467; x_wconf 90' lang='lat' dir='ltr'>Aloisius</span> <span class='ocrx_word' id='word_1_320' title='bbox 1465 2423 1662 2466; x_wconf 90' lang='lat' dir='ltr'>secundo</span> <span class='ocrx_word' id='word_1_321' title='bbox 1695 2422 1766 2464; x_wconf 90' lang='lat' dir='ltr'>die</span> <span class='ocrx_word' id='word_1_322' title='bbox 1800 2420 2036 2464; x_wconf 89' lang='lat' dir='ltr'>Paschatis</span> 
     </span>
     <span class='ocr_line' id='line_1_33' title="bbox 211 2491 2035 2551; baseline -0.002 -16"><span class='ocrx_word' id='word_1_323' title='bbox 211 2497 277 2535; x_wconf 75' lang='grc' dir='ltr'>Ᾰρτ.</span> <span class='ocrx_word' id='word_1_324' title='bbox 301 2493 499 2535; x_wconf 77' lang='lat' dir='ltr'>⁴-habuit</span> <span class='ocrx_word' id='word_1_325' title='bbox 523 2494 784 2537; x_wconf 90' lang='lat' dir='ltr'>concionem</span> <span class='ocrx_word' id='word_1_326' title='bbox 811 2495 1016 2544; x_wconf 88' lang='lat' dir='ltr'>latinam,</span> <span class='ocrx_word' id='word_1_327' title='bbox 1041 2510 1194 2538; x_wconf 90' lang='lat' dir='ltr'>coram</span> <span class='ocrx_word' id='word_1_328' title='bbox 1217 2495 1418 2551; x_wconf 89' lang='lat' dir='ltr'>principe</span> <span class='ocrx_word' id='word_1_329' title='bbox 1441 2500 1486 2537; x_wconf 91' lang='lat' dir='ltr'>et</span> <span class='ocrx_word' id='word_1_330' title='bbox 1509 2499 1610 2536; x_wconf 91' lang='lat' dir='ltr'>tota</span> <span class='ocrx_word' id='word_1_331' title='bbox 1633 2493 1750 2542; x_wconf 88' lang='lat' dir='ltr'>aula,</span> <span class='ocrx_word' id='word_1_332' title='bbox 1776 2506 1893 2548; x_wconf 89' lang='lat' dir='ltr'>quae</span> <span class='ocrx_word' id='word_1_333' title='bbox 1916 2491 2035 2534; x_wconf 91' lang='lat' dir='ltr'>miri-</span> 
     </span>
     <span class='ocr_line' id='line_1_34' title="bbox 340 2561 2036 2621; baseline -0.001 -17"><span class='ocrx_word' id='word_1_334' title='bbox 340 2564 421 2605; x_wconf 88' lang='lat' dir='ltr'>fice</span> <span class='ocrx_word' id='word_1_335' title='bbox 437 2565 646 2606; x_wconf 90' lang='lat' dir='ltr'>omnibus</span> <span class='ocrx_word' id='word_1_336' title='bbox 661 2565 831 2620; x_wconf 90' lang='lat' dir='ltr'>placuit</span> <span class='ocrx_word' id='word_1_337' title='bbox 847 2571 892 2608; x_wconf 91' lang='lat' dir='ltr'>et</span> <span class='ocrx_word' id='word_1_338' title='bbox 909 2565 1057 2608; x_wconf 92' lang='lat' dir='ltr'>adhuc</span> <span class='ocrx_word' id='word_1_339' title='bbox 1073 2566 1131 2608; x_wconf 90' lang='lat' dir='ltr'>ab</span> <span class='ocrx_word' id='word_1_340' title='bbox 1144 2566 1196 2608; x_wconf 90' lang='lat' dir='ltr'>iis</span> <span class='ocrx_word' id='word_1_341' title='bbox 1209 2566 1364 2615; x_wconf 89' lang='lat' dir='ltr'>etiam,</span> <span class='ocrx_word' id='word_1_342' title='bbox 1378 2565 1456 2621; x_wconf 92' lang='lat' dir='ltr'>qui</span> <span class='ocrx_word' id='word_1_343' title='bbox 1469 2564 1683 2607; x_wconf 91' lang='lat' dir='ltr'>contrarii</span> <span class='ocrx_word' id='word_1_344' title='bbox 1695 2568 1816 2611; x_wconf 92' lang='lat' dir='ltr'>sunt,</span> <span class='ocrx_word' id='word_1_345' title='bbox 1832 2561 2036 2604; x_wconf 88' lang='lat' dir='ltr'>dilauda-</span> 
     </span>
     <span class='ocr_line' id='line_1_35' title="bbox 343 2632 2036 2691; baseline -0.001 -17"><span class='ocrx_word' id='word_1_346' title='bbox 343 2638 429 2675; x_wconf 92' lang='lat' dir='ltr'>tur.</span> <span class='ocrx_word' id='word_1_347' title='bbox 464 2635 581 2676; x_wconf 83' lang='lat' dir='ltr'>Novi</span> <span class='ocrx_word' id='word_1_348' title='bbox 611 2635 721 2677; x_wconf 89' lang='lat' dir='ltr'>nihil</span> <span class='ocrx_word' id='word_1_349' title='bbox 751 2636 874 2691; x_wconf 92' lang='lat' dir='ltr'>apud</span> <span class='ocrx_word' id='word_1_350' title='bbox 903 2650 984 2678; x_wconf 91' lang='lat' dir='ltr'>nos</span> <span class='ocrx_word' id='word_1_351' title='bbox 1014 2641 1096 2685; x_wconf 87' lang='lat' dir='ltr'>est,</span> <span class='ocrx_word' id='word_1_352' title='bbox 1128 2636 1249 2679; x_wconf 89' lang='lat' dir='ltr'>illinc</span> <span class='ocrx_word' id='word_1_353' title='bbox 1279 2636 1432 2678; x_wconf 92' lang='lat' dir='ltr'>omnia</span> <span class='ocrx_word' id='word_1_354' title='bbox 1461 2639 1768 2690; x_wconf 89' lang='lat' dir='ltr'>expectamus.</span> <span class='ocrx_word' id='word_1_355' title='bbox 1802 2633 1891 2675; x_wconf 85' lang='lat' dir='ltr'>Sed</span> <span class='ocrx_word' id='word_1_356' title='bbox 1919 2632 2036 2675; x_wconf 92' lang='lat' dir='ltr'>bello</span> 
     </span>
     <span class='ocr_line' id='line_1_36' title="bbox 344 2703 2085 2763; baseline -0.002 -18"><span class='ocrx_word' id='word_1_357' title='bbox 344 2704 463 2745; x_wconf 90' lang='lat' dir='ltr'>salus</span> <span class='ocrx_word' id='word_1_358' title='bbox 485 2705 620 2754; x_wconf 85' lang='lat' dir='ltr'>nulla,</span> <span class='ocrx_word' id='word_1_359' title='bbox 646 2720 803 2760; x_wconf 88' lang='lat' dir='ltr'>pacem</span> <span class='ocrx_word' id='word_1_360' title='bbox 825 2721 993 2763; x_wconf 91' lang='lat' dir='ltr'>quaeso</span> <span class='ocrx_word' id='word_1_361' title='bbox 1022 2707 1239 2763; x_wconf 87' lang='lat' dir='ltr'>quaerite,</span> <span class='ocrx_word' id='word_1_362' title='bbox 1277 2720 1416 2762; x_wconf 92' lang='lat' dir='ltr'>quarn</span> <span class='ocrx_word' id='word_1_363' title='bbox 1452 2705 1564 2747; x_wconf 91' lang='lat' dir='ltr'>adeo</span> <span class='ocrx_word' id='word_1_364' title='bbox 1588 2704 1792 2747; x_wconf 90' lang='lat' dir='ltr'>Christus</span> <span class='ocrx_word' id='word_1_365' title='bbox 1826 2703 2037 2745; x_wconf 90' lang='lat' dir='ltr'>dominus</span> <span class='ocrx_word' id='word_1_366' title='bbox 2050 2713 2085 2742; x_wconf 82' lang='lat'>35</span> 
     </span>
     <span class='ocr_line' id='line_1_37' title="bbox 344 2774 2036 2833; baseline 0.001 -19"><span class='ocrx_word' id='word_1_367' title='bbox 344 2774 679 2817; x_wconf 84' lang='lat' dir='ltr'>commendavit</span> <span class='ocrx_word' id='word_1_368' title='bbox 716 2777 859 2826; x_wconf 93' lang='lat' dir='ltr'>nobis,</span> <span class='ocrx_word' id='word_1_369' title='bbox 898 2782 943 2819; x_wconf 91' lang='lat' dir='ltr'>et</span> <span class='ocrx_word' id='word_1_370' title='bbox 980 2791 1006 2820; x_wconf 94' lang='lat' dir='ltr'>a</span> <span class='ocrx_word' id='word_1_371' title='bbox 1042 2791 1133 2833; x_wconf 89' lang='lat' dir='ltr'>qua</span> <span class='ocrx_word' id='word_1_372' title='bbox 1169 2777 1322 2819; x_wconf 90' lang='lat' dir='ltr'>omnia</span> <span class='ocrx_word' id='word_1_373' title='bbox 1358 2777 1478 2818; x_wconf 91' lang='lat' dir='ltr'>bona</span> <span class='ocrx_word' id='word_1_374' title='bbox 1514 2774 1874 2831; x_wconf 88' lang='lat' dir='ltr'>proficiscuntur.</span> <span class='ocrx_word' id='word_1_375' title='bbox 1914 2774 2036 2816; x_wconf 89' lang='lat' dir='ltr'>Bene</span> 
     </span>
     <span class='ocr_line' id='line_1_38' title="bbox 345 2843 1738 2890; baseline 0.001 -5"><span class='ocrx_word' id='word_1_376' title='bbox 345 2843 494 2885; x_wconf 86' lang='lat' dir='ltr'>valeat</span> <span class='ocrx_word' id='word_1_377' title='bbox 524 2846 576 2886; x_wconf 94' lang='lat' dir='ltr'>R.</span> <span class='ocrx_word' id='word_1_378' title='bbox 607 2846 680 2887; x_wconf 81' lang='lat' dir='ltr'>Vra</span> <span class='ocrx_word' id='word_1_379' title='bbox 705 2853 750 2889; x_wconf 90' lang='lat' dir='ltr'>et</span> <span class='ocrx_word' id='word_1_380' title='bbox 779 2847 933 2890; x_wconf 91' lang='lat' dir='ltr'>amicis</span> <span class='ocrx_word' id='word_1_381' title='bbox 960 2848 1172 2890; x_wconf 90' lang='lat' dir='ltr'>omnibus</span> <span class='ocrx_word' id='word_1_382' title='bbox 1199 2861 1254 2889; x_wconf 87' lang='lat' dir='ltr'>ex</span> <span class='ocrx_word' id='word_1_383' title='bbox 1281 2861 1352 2889; x_wconf 89' lang='lat' dir='ltr'>me</span> <span class='ocrx_word' id='word_1_384' title='bbox 1380 2847 1575 2888; x_wconf 90' lang='lat' dir='ltr'>salutem</span> <span class='ocrx_word' id='word_1_385' title='bbox 1603 2845 1738 2887; x_wconf 90' lang='lat' dir='ltr'>dicat.</span> 
     </span>
     <span class='ocr_line' id='line_1_39' title="bbox 462 2914 1696 2974; baseline 0.002 -19"><span class='ocrx_word' id='word_1_386' title='bbox 462 2914 577 2955; x_wconf 88' lang='lat' dir='ltr'>Alba</span> <span class='ocrx_word' id='word_1_387' title='bbox 611 2916 746 2969; x_wconf 87' lang='lat' dir='ltr'>Julia,</span> <span class='ocrx_word' id='word_1_388' title='bbox 783 2918 822 2960; x_wconf 87' lang='lat'>8.</span> <span class='ocrx_word' id='word_1_389' title='bbox 861 2918 932 2960; x_wconf 92' lang='lat' dir='ltr'>die</span> <span class='ocrx_word' id='word_1_390' title='bbox 966 2918 1144 2974; x_wconf 92' lang='lat' dir='ltr'>Aprilis.</span> <span class='ocrx_word' id='word_1_391' title='bbox 1183 2919 1315 2960; x_wconf 91' lang='lat' dir='ltr'>Anno</span> <span class='ocrx_word' id='word_1_392' title='bbox 1351 2916 1534 2959; x_wconf 94' lang='lat' dir='ltr'>Domini</span> <span class='ocrx_word' id='word_1_393' title='bbox 1572 2916 1696 2970; x_wconf 85' lang='lat'>1580.</span> 
     </span>
     <span class='ocr_line' id='line_1_40' title="bbox 464 2985 1248 3031; baseline 0.009 -7"><span class='ocrx_word' id='word_1_394' title='bbox 464 2985 760 3028; x_wconf 86' lang='lat' dir='ltr'>Reverentiae</span> <span class='ocrx_word' id='word_1_395' title='bbox 795 2989 884 3030; x_wconf 72' lang='lat' dir='ltr'>Vrae</span> <span class='ocrx_word' id='word_1_396' title='bbox 912 2988 1248 3031; x_wconf 90' lang='lat' dir='ltr'>addictissimus</span> 
     </span>
    </p>
   </div>
   <div class='ocr_carea' id='block_1_3' title="bbox 478 3055 2084 3202">
    <p class='ocr_par' dir='ltr' id='par_1_3' title="bbox 478 3055 2084 3202">
     <span class='ocr_line' id='line_1_41' title="bbox 1170 3055 2084 3113; baseline -0.004 -12"><span class='ocrx_word' id='word_1_397' title='bbox 1170 3058 1466 3113; x_wconf 78' lang='lat' dir='ltr'>Volffgangus</span> <span class='ocrx_word' id='word_1_398' title='bbox 1499 3055 1828 3101; x_wconf 87' lang='lat' dir='ltr'>Kouacciocius</span> <span class='ocrx_word' id='word_1_399' title='bbox 1862 3069 1975 3110; x_wconf 86' lang='lat' dir='ltr'>mpr.</span> <span class='ocrx_word' id='word_1_400' title='bbox 2050 3066 2084 3093; x_wconf 80' lang='grc' dir='ltr'>4ο</span> 
     </span>
     <span class='ocr_line' id='line_1_42' title="bbox 478 3153 1476 3202; baseline 0.005 -16"><span class='ocrx_word' id='word_1_401' title='bbox 478 3153 491 3174; x_wconf 79' lang='lat'><strong>²</strong></span> <span class='ocrx_word' id='word_1_402' title='bbox 521 3154 562 3187; x_wconf 88' lang='lat' dir='ltr'>P.</span> <span class='ocrx_word' id='word_1_403' title='bbox 594 3154 738 3198; x_wconf 75' lang='lat' dir='ltr'>WuJek</span> <span class='ocrx_word' id='word_1_404' title='bbox 768 3156 912 3200; x_wconf 87' lang='lat' dir='ltr'>Jakab.</span> <span class='ocrx_word' id='word_1_405' title='bbox 968 3158 982 3178; x_wconf 87' lang='lat'><strong>³</strong></span> <span class='ocrx_word' id='word_1_406' title='bbox 1010 3158 1052 3192; x_wconf 89' lang='lat' dir='ltr'>P.</span> <span class='ocrx_word' id='word_1_407' title='bbox 1083 3157 1317 3192; x_wconf 87' lang='lat' dir='ltr'>Odescalchi</span> <span class='ocrx_word' id='word_1_408' title='bbox 1345 3157 1476 3202; x_wconf 85' lang='lat' dir='ltr'>Lajos.</span> 
     </span>
    </p>
   </div>
  </div>
 </body>
</html>
