2188 3535
372 231 446 267 225
1142 222 1217 255 No.
1246 223 1295 267 76
1745 221 1862 264 [1582
1895 218 1980 263 jun.
2017 232 2067 266 29

371 347 495 390 ribus
528 342 760 399 Ungaricis
791 339 984 387 habitat,
1020 336 1307 387 confecimus,
1341 342 1394 380 ut
1427 337 1768 394 quamprimum
1800 338 1889 380 huc
1922 337 2065 380 addu-

372 422 514 464 catur,
561 413 695 456 modo
727 409 878 452 venire
905 407 1027 451 velit.
1062 407 1302 451 Neminem
1333 408 1453 452 enim
1484 408 1682 452 invitum
1714 409 1888 451 Turcae
1919 422 1942 451 e
1973 407 2065 451 suis

373 485 620 529 ditionibus
641 479 803 524 abduci
826 479 1077 534 patiuntur.
1103 479 1164 520 Et
1187 478 1258 520 hic
1281 477 1466 535 quidem
1492 479 1569 522 vix
1606 493 1686 535 pro
1708 493 1761 521 eo
1782 479 1937 521 locum
1970 478 2066 521 ido-

371 569 506 598 neum
533 553 578 594 in
605 550 788 605 collegio
813 548 1096 598 habebimus,
1125 549 1496 605 quandoquidem
1522 550 1671 592 adhuc
1697 549 1994 592 aedificamus
2019 554 2065 592 et

371 622 718 668 accomodamus
755 618 1004 675 collegium,
1045 620 1168 675 quod
1205 619 1289 662 etsi
1321 620 1526 676 amplum
1554 620 1752 669 videtur,
1779 624 1935 662 tamen
1958 619 2067 676 quia
2099 637 2118 665 5

372 695 429 737 ad
457 691 688 735 meridiem
716 703 845 732 muro
872 689 1086 740 civitatis,
1116 690 1176 733 ad
1202 691 1574 747 septemtrionem
1602 690 1777 746 templo
1804 689 2064 746 impeditur,

371 777 537 821 paucas
552 767 736 804 tantum
752 760 811 803 ad
826 759 1107 803 occidentem
1123 765 1168 803 et
1184 761 1416 817 pauciores
1436 761 1496 804 ad
1515 761 1739 804 orientem
1759 760 2067 804 habitationes

370 835 522 877 habet.
553 833 656 874 Non
683 832 847 874 desunt
875 836 919 873 et
947 830 1061 873 aliae
1089 830 1396 882 difficultates,
1425 832 1504 874 sed
1530 846 1686 874 omnes
1717 832 1872 874 cedere
1898 831 2067 874 debent

373 902 656 947 obedientiae
680 907 724 945 et
750 900 963 944 charitati
984 915 993 953 ;
1020 901 1199 944 utinam
1225 903 1361 945 modo
1386 902 1550 945 adduci
1573 903 1661 945 huc
1691 907 1843 958 queat.
1871 903 1932 945 Et
1956 902 2067 944 haec

374 975 434 1018 ad
457 974 610 1016 literas
634 975 688 1016 R.
717 974 764 1015 P.
791 973 927 1015 Tuae.
956 972 1055 1014 Iam
1080 986 1202 1015 nova
1225 972 1431 1028 quaestio
1453 972 1526 1015 hic
1550 974 1742 1016 suborta
1765 978 1847 1016 est.
1874 971 2069 1016 Ministri
2085 989 2122 1017 10

373 1044 586 1088 haeretici
607 1044 653 1086 in
673 1045 757 1086 hac
780 1043 980 1092 civitate,
1004 1043 1210 1086 omnium
1231 1057 1471 1086 causarum
1493 1044 1899 1086 matrimonialium
1920 1042 2070 1099 cogni-

375 1116 545 1159 tionem
570 1115 753 1157 habent.
771 1113 948 1156 Accidit
974 1128 1130 1170 nuper,
1154 1118 1206 1156 ut
1229 1113 1452 1157 catholica
1477 1114 1688 1164 foemina,
1713 1129 1829 1171 quae
1852 1113 2070 1157 maritum

374 1188 513 1230 habet
539 1185 830 1234 haereticum,
854 1184 926 1227 cui
947 1184 1208 1227 cohabitare
1232 1199 1323 1228 non
1350 1186 1464 1234 vult,
1493 1199 1597 1228 curn
1624 1190 1813 1241 propter
1839 1185 1940 1235 alia,
1969 1189 2070 1227 tum

376 1257 483 1314 quia
510 1257 634 1299 illam
666 1257 731 1311 (ut
760 1255 839 1310 ait)
871 1269 962 1298 non
989 1255 1095 1298 sinit
1123 1270 1217 1298 esse
1245 1255 1530 1305 catholicam,
1561 1270 1665 1298 cum
1692 1261 1823 1312 patre
1849 1260 1895 1299 et
1923 1259 2070 1300 matre

376 1329 487 1371 item
513 1327 757 1376 catholicis,
786 1327 845 1369 ad
870 1340 951 1369 nos
977 1326 1258 1383 confugerint
1285 1332 1330 1369 et
1357 1341 1403 1369 se
1428 1341 1519 1369 non
1545 1327 1655 1369 alios
1694 1332 1911 1383 pastores,
1931 1341 2122 1383 quam15

377 1413 459 1441 nos
481 1412 720 1454 agnoscere
759 1397 849 1440 sint
873 1397 1114 1453 protestati
1137 1411 1290 1440 coram
1313 1397 1530 1440 ministris
1552 1397 1802 1448 haereticis,
1827 1402 1880 1440 ut
1903 1398 1962 1441 ab
1984 1397 2071 1440 illis

378 1469 565 1511 iudicari
601 1468 784 1511 nollent.
832 1468 1075 1524 Quaeritur
1110 1468 1215 1518 iam,
1254 1483 1313 1511 an
1348 1468 1608 1512 huiusmodi
1644 1483 1884 1511 causarum
1920 1468 2070 1525 cogni-

379 1540 550 1583 tionem
583 1539 721 1582 etiam
750 1539 796 1581 in
826 1539 922 1581 foro
954 1538 1038 1582 fori
1066 1540 1209 1582 nostri
1238 1553 1442 1582 exercere
1471 1544 1655 1595 queant,
1687 1553 1791 1582 cum
1819 1539 1891 1582 hic
1921 1539 2071 1581 nullus

382 1610 496 1653 alius
520 1610 576 1652 sit
600 1609 847 1652 catholicus
869 1609 941 1652 vel
964 1610 1199 1666 parochus,
1224 1610 1296 1652 vel
1319 1609 1566 1666 episcopus.
1594 1609 1693 1653 Scio
1716 1609 1882 1653 nostris
1905 1609 2070 1652 consti-

380 1681 636 1724 tutionibus
663 1680 709 1723 id
737 1695 827 1723 non
856 1680 1015 1731 licere;
1047 1680 1137 1723 scio
1166 1681 1335 1723 multas
1364 1680 1656 1724 difficultates
1685 1685 1730 1723 et
1758 1680 1953 1723 invidias
1981 1685 2067 1723 etc.
2085 1700 2124 1728 20

379 1751 483 1794 hinc
499 1751 637 1808 sequi,
655 1752 733 1794 sed
747 1766 801 1794 ex
814 1751 956 1794 altera
967 1757 1109 1807 parte,
1123 1766 1342 1808 pauperes
1353 1751 1562 1794 catholici
1574 1752 1697 1794 nullo
1708 1751 1844 1794 modo
1856 1750 2071 1794 videntur

381 1837 475 1865 esse
507 1822 645 1865 etiam
677 1822 722 1864 in
752 1823 837 1865 hac
869 1827 998 1878 parte
1030 1822 1274 1871 deserendi,
1309 1823 1450 1865 donec
1483 1822 1613 1865 aliter
1643 1822 1728 1865 illis
1758 1821 2065 1878 provideatur.

381 1894 473 1936 Nec
522 1893 753 1936 catholicis
799 1894 933 1936 rebus
980 1893 1189 1949 expedire
1234 1893 1427 1942 videtur,
1476 1898 1529 1935 ut
1578 1894 1728 1936 minus
1775 1892 2069 1936 authoritatis

380 1965 579 2006 habeant
610 1963 817 2006 catholici
847 1964 1102 2006 sacerdotes
1130 1963 1177 2006 in
1205 1965 1289 2007 hac
1320 1969 1449 2020 parte
1478 1963 1525 2006 in
1554 1978 1671 2014 suos,
1703 1978 1843 2020 quarn
1873 1963 2067 2006 ministri

378 2035 591 2077 haeretici
614 2035 771 2077 itidem
794 2035 840 2077 in
864 2049 980 2077 suos.
1006 2034 1090 2090 Egi
1113 2049 1216 2077 cum
1240 2034 1572 2077 consultoribus
1595 2049 1648 2077 ea
1671 2035 1726 2077 de
1748 2049 1807 2077 re.
1834 2035 1895 2077 Et
1917 2034 2067 2077 visum
2081 2055 2119 2082 25

374 2110 442 2147 est
472 2105 654 2147 interim
697 2111 849 2148 totum
888 2105 1209 2155 omittendum,
1248 2120 1352 2148 cum
1382 2120 1463 2148 nec
1494 2110 1774 2162 potestatem
1802 2105 2065 2154 habeamus,

376 2190 456 2218 nec
490 2175 845 2219 iurisdictionem
879 2177 925 2219 in
958 2176 1068 2219 istos
1087 2191 1095 2227 ;
1132 2177 1209 2219 sed
1245 2178 1297 2219 R.
1336 2178 1383 2219 P.
1420 2177 1567 2219 Tuam
1601 2191 1696 2219 esse
1729 2175 2064 2218 consulendam.

377 2247 541 2302 Scripsi
563 2247 701 2289 etiam
729 2249 782 2290 R.
802 2249 850 2290 P.
876 2247 1146 2290 Provinciali
1171 2261 1224 2290 ea
1245 2248 1300 2290 de
1321 2262 1380 2290 re.
1408 2248 1507 2290 Iam
1529 2248 1682 2290 videat
1708 2242 1794 2290 Rtia
1821 2248 1933 2296 Tua,
1956 2246 2068 2303 quid

376 2317 506 2359 nobis
527 2317 583 2359 sit
608 2317 878 2360 faciendum.
927 2319 1047 2360 Nam
1071 2318 1130 2360 ad
1151 2318 1380 2361 ministros
1406 2317 1656 2361 haereticos
1685 2318 1798 2361 tales
1823 2316 2067 2360 catholicos

376 2389 434 2430 ad
457 2388 675 2431 iudicium
712 2389 943 2432 remittere
967 2388 1202 2445 indignum
1227 2394 1308 2438 est,
1336 2403 1440 2431 cum
1465 2389 1527 2430 illi
1551 2390 1610 2431 ob
1635 2389 1885 2432 levissimas
1909 2401 2120 2436 causas30

377 2457 545 2500 faciant
572 2459 768 2502 divortia
801 2464 846 2502 et
881 2459 1152 2516 permittant
1187 2460 1385 2503 secunda
1419 2459 1712 2502 matrimonia
1745 2464 1828 2502 etc.

512 2530 601 2572 Res
626 2530 796 2586 collegii
820 2535 865 2573 et
883 2530 1088 2573 aedificia
1111 2544 1203 2573 non
1228 2531 1344 2573 male
1368 2531 1629 2573 succedunt.
1659 2531 1902 2586 Speramus
1925 2528 2066 2572 etiam

379 2598 573 2648 meliora,
594 2600 672 2642 ubi
694 2602 747 2643 R.
772 2602 819 2644 P.
845 2600 1138 2644 Provincialis
1159 2615 1262 2644 cum
1283 2615 1383 2657 rege
1404 2602 1459 2644 de
1479 2601 1612 2644 rebus
1634 2600 1798 2644 nostris
1818 2599 2066 2642 collocutus

378 2667 523 2710 fuerit.
549 2670 687 2725 Cupio
705 2673 758 2713 R.
778 2673 826 2714 P.
843 2672 990 2714 Tuam
1007 2676 1162 2714 tamen
1177 2671 1222 2713 in
1239 2671 1435 2714 Domino
1451 2671 1599 2714 valere
1616 2686 1667 2714 ac
1683 2685 1763 2727 pro
1779 2670 1908 2713 nobis
1924 2684 2063 2713 orare.

505 2739 780 2796 Claudiopoli
822 2742 1190 2798 Transylvaniae‚
1237 2754 1304 2797 29.
1349 2742 1492 2796 Junii.
1536 2743 1669 2784 Anno
1711 2741 1895 2784 Domini
1940 2741 2063 2795 1582.
2080 2761 2119 2789 35

509 2803 602 2850 Rdae
626 2812 672 2853 P.
697 2813 819 2855 Tuae
841 2812 1053 2869 indignus
1074 2812 1191 2855 filius
1212 2817 1257 2855 et
1281 2826 1439 2855 servus
1460 2812 1506 2854 in
1533 2812 1708 2855 Christo

1329 2883 1534 2938 Jacobus
1564 2882 1858 2939 Vagrovicius
1890 2896 2005 2939 mpr.

500 2971 708 3011 Kidczime
728 2989 740 3012 .·
766 2976 1008 3015 Admodum
1033 2970 1113 3015 Rd0
1143 2976 1186 3017 in
1211 2975 1375 3015 Christo
1400 2975 1516 3015 Patri
1541 2976 1585 3014 P.
1607 2975 1782 3015 Claudio
1797 2975 2064 3027 Aquavivae,

370 3030 612 3079 praeposito
644 3034 822 3081 generali
857 3035 1078 3074 Societatis
1112 3034 1228 3085 Jesu.
1260 3034 1434 3073 Romae.

501 3087 637 3127 Alana
664 3091 791 3130 nimai
817 3092 941 3132 ke'zzcl
960 3107 972 3131 .·
999 3094 1157 3144 Aperta
1184 3093 1226 3133 in
1253 3093 1365 3139 fallo,
1392 3105 1461 3131 ma
1486 3105 1571 3132 non
1596 3092 1716 3132 letta.
2079 3107 2117 3135 40

657 3174 844 3218 (Eredeti.
872 3179 1094 3223 sajatkezfi,
1123 3190 1146 3213 a
1175 3179 1467 3224 Jezsuita—rend
1494 3179 1798 3224 leveltaraban.)
