2188 3535
114 204 203 245 1381
239 204 363 246 szept.
403 203 438 246 1]
874 201 948 236 No.
979 210 1026 246 59
1724 200 1795 240 169

109 317 149 355 ἐς
179 316 416 366 tanitvdnya
436 329 449 355 .·
479 316 617 355 Dcivid
646 315 818 355 Ferencz
850 316 1019 355 ero'sitett
1050 328 1150 366 meg.
1185 314 1328 353 Ennek
1360 313 1538 353 tanita'sa
1570 313 1609 351 ἐς
1641 312 1790 352 hala'la.

108 369 190 414 Am
217 375 335 414 hozzci
370 374 535 414 hasonl6
561 375 796 426 tanultsa'gzi
823 375 962 426 uto'dja
990 388 1080 413 nem
1107 374 1277 420 maradt,
1306 373 1389 424 vigy
1415 373 1518 424 hogy
1546 385 1570 410 a
1596 371 1794 423 jezsuita‘k

110 434 423 485 disputati67'dra
454 446 536 472 sem
567 433 733 484 jelentek
765 447 853 484 meg
883 447 902 472 s
937 434 1004 485 igy
1035 433 1313 472 zavartalanul
1343 431 1644 471 mukodhetnek.

224 530 484 573 Admodum
526 530 788 573 Reverende
828 531 874 572 in
915 530 1090 573 Christo
1131 531 1277 572 Pater.
1322 530 1418 571 Pax
1450 527 1625 572 Christi.

62 628 78 655 5
226 602 338 643 Cum
362 601 492 643 nobis
528 601 845 644 renunciatum
871 606 998 651 esset,
1027 602 1172 643 Tuam
1199 602 1252 642 R.
1282 600 1377 642 Ptem
1401 599 1447 641 in
1482 598 1796 654 Praepositum

110 672 373 714 Generalem
396 672 538 714 totius
560 677 741 714 nostrae
765 672 1001 714 Societatis
1024 686 1116 714 esse
1140 672 1357 713 electum:
1385 670 1581 726 primum
1612 669 1797 725 quidem

111 743 399 785 vehementer
429 742 580 785 mirati
611 758 778 792 sumus,
811 743 934 800 quod
964 743 1013 793 is,
1049 743 1103 784 de
1132 757 1221 798 quo
1243 756 1375 784 caeco
1395 742 1594 783 humano
1615 739 1792 789 iudicio,

110 813 233 855 nulla
265 813 507 856 videbatur
539 828 640 870 spes
673 814 874 869 eligendi,
912 814 971 855 ad
1001 818 1184 855 tantum
1214 813 1390 854 culmen
1410 811 1604 860 honoris,
1640 811 1711 853 vel
1743 814 1796 851 ut

110 883 259 926 verius
283 884 443 934 dicam,
471 885 635 927 summi
658 885 822 927 laboris
843 889 889 927 et
910 884 1054 926 oneris
1079 889 1193 926 esset
1219 886 1414 926 evectus.
1442 882 1529 924 Sed
1552 886 1797 938 postquam

64 981 98 1008 10
110 968 205 996 rem
230 955 486 1011 diligentius
511 956 915 998 considerassemus
940 960 984 997 et
1010 955 1168 1004 vitam,
1195 968 1353 1002 mores,
1379 953 1554 995 labores
1578 957 1623 994 et
1647 951 1797 994 officia

111 1025 300 1076 diversa,
331 1041 446 1082 quae
474 1041 652 1069 summa
679 1041 781 1069 cum
808 1026 954 1075 laude,
984 1039 1158 1081 semper
1185 1030 1229 1067 et
1257 1024 1459 1066 omnium
1488 1022 1796 1065 satisfactione

110 1097 208 1138 Tua
241 1097 513 1140 Reverentia
544 1098 590 1139 in
623 1098 846 1140 Societate
879 1096 1027 1153 gessit,
1063 1111 1090 1138 a
1122 1098 1218 1139 Deo
1250 1096 1366 1137 hanc
1400 1093 1662 1136 electionem
1695 1107 1796 1148 pro-

113 1167 292 1210 cessisse
336 1182 426 1210 non
470 1169 810 1219 dubitavimus;
857 1173 901 1210 et
946 1172 1129 1223 patrum
1172 1166 1218 1208 in
1262 1165 1463 1221 eligendo
1507 1163 1795 1220 prudentiam

111 1239 401 1281 vehementer
421 1239 788 1282 collaudavimus.
818 1240 879 1280 Et
904 1243 1023 1280 certe
1049 1238 1115 1292 (ut
1137 1237 1285 1287 libere,
1306 1235 1429 1292 quod
1450 1234 1594 1277 sentio
1616 1234 1796 1287 dicam),

64 1334 99 1361 15
113 1308 148 1351 si
186 1323 268 1351 nos
306 1324 358 1352 eo
397 1314 599 1366 tempore
638 1311 810 1353 Romae
849 1309 1087 1351 fuissemus
1126 1313 1170 1350 et
1210 1306 1400 1362 eligendi
1438 1305 1567 1348 nobis
1606 1305 1801 1346 facultas

112 1393 320 1422 concessa
346 1380 515 1431 fuisset,
545 1381 770 1423 neminem
797 1380 948 1428 alium,
973 1393 1111 1434 quam
1132 1379 1277 1421 Tuam
1301 1379 1355 1421 R.
1380 1375 1476 1419 Ptem
1503 1375 1798 1431 elegissemus.

113 1451 235 1493 Nota
260 1451 379 1493 enim
406 1457 501 1494 erat
523 1451 664 1502 nobis,
683 1451 842 1493 innata
867 1450 1091 1506 quaedam
1119 1449 1258 1492 animi
1280 1448 1347 1490 tui
1369 1447 1631 1490 submissio:
1661 1446 1800 1487 incre-

112 1521 259 1563 dibilis
285 1526 367 1564 tua
391 1522 437 1563 in
464 1524 613 1564 Deum
638 1522 797 1577 pietas,
826 1521 1033 1563 inaudita
1058 1521 1104 1562 in
1131 1520 1292 1562 iratres
1318 1518 1527 1567 charitas,
1555 1517 1802 1559 immensus

112 1591 295 1647 quasvis
342 1592 501 1635 mundi
548 1593 754 1635 nationes
802 1592 989 1634 iuvandi
1038 1591 1177 1633 animi
1225 1591 1370 1639 ardor,
1421 1603 1694 1645 propensum
1743 1587 1802 1629 ad

64 1687 99 1714 20
111 1663 467 1718 promovendam
524 1664 720 1706 cuiusvis
775 1662 969 1705 hominis
1026 1662 1219 1704 salutern
1275 1660 1506 1710 studium;
1566 1663 1803 1715 perspecta

112 1738 343 1789 praeterea
371 1734 500 1777 nobis
521 1740 630 1785 erat,
656 1739 737 1777 tua
764 1734 811 1776 in
839 1733 1148 1776 conversando
1178 1732 1435 1775 dulcissima
1463 1736 1601 1787 atque
1630 1729 1801 1772 suavis-

112 1804 226 1847 sima
266 1805 560 1855 familiaritas,
604 1820 694 1848 non
734 1805 902 1861 ignota,
945 1819 1047 1847 rara
1088 1804 1227 1846 animi
1267 1802 1503 1851 modestia,
1546 1800 1802 1856 benignitas

113 1879 250 1931 atque
282 1877 608 1919 mansuetudo:
653 1876 888 1932 explorata
929 1875 1121 1931 denique
1163 1879 1259 1917 erat
1300 1888 1391 1916 non
1432 1877 1616 1915 tantum
1657 1871 1799 1920 nobis,

114 1946 193 1988 sed
217 1947 439 1997 omnibus,
468 1947 545 2003 qui
570 1952 616 1989 te
641 1951 865 1989 noverunt
891 1952 936 1989 et
962 1951 1113 1989 tecum
1139 1951 1245 1988 sunt
1271 1944 1538 1993 conversati,
1567 1942 1802 1998 singularis

65 2021 194 2068 25tua
228 2017 274 2059 in
309 2019 441 2060 rebus
476 2018 659 2074 agendis
694 2018 935 2074 prudentia
970 2022 1014 2059 et
1051 2017 1252 2060 maxima
1285 2016 1331 2058 in
1367 2015 1489 2058 omni
1525 2013 1801 2057 adversitate

114 2087 252 2130 animi
282 2089 535 2132 tolerantia.
576 2090 701 2146 Quae
731 2089 932 2145 profecto
963 2088 1116 2131 omnia
1145 2088 1256 2130 talia
1285 2091 1404 2136 sunt,
1437 2091 1489 2128 ut
1520 2099 1611 2127 non
1641 2084 1724 2126 nisi
1755 2084 1801 2124 in

113 2173 290 2215 magno,
335 2161 508 2202 excelso
551 2166 595 2202 et
638 2160 792 2202 multis
835 2160 919 2202 Dei
962 2159 1090 2202 donis
1147 2159 1371 2200 illustrato
1417 2156 1568 2199 animo
1610 2153 1800 2196 inveniri

114 2230 315 2285 possint;
356 2235 401 2273 et
439 2246 555 2288 quae
592 2231 664 2274 vel
701 2230 897 2273 maxime
934 2230 981 2272 in
1019 2229 1281 2285 Praeposito
1319 2227 1524 2270 Generali
1563 2225 1801 2268 Societatis

115 2301 224 2356 Jesu
245 2301 486 2345 desiderari
507 2303 663 2344 solent.
700 2301 880 2344 Gratias
913 2301 1050 2356 igitur
1070 2301 1266 2356 primurn
1288 2301 1384 2342 Deo
1405 2297 1579 2353 optimo
1600 2295 1800 2338 maximo

66 2394 102 2422 30
114 2371 390 2415 immortales
423 2373 608 2429 agimus,
644 2372 768 2414 cuius
800 2377 916 2414 nutu
948 2377 993 2413 et
1025 2371 1317 2426 benignitate,
1353 2370 1488 2411 Pater
1521 2366 1797 2415 Reveoende,

114 2443 243 2485 nobis
274 2443 321 2485 in
353 2444 660 2500 praepositum
693 2443 956 2485 Generalem
989 2457 1035 2484 es
1068 2442 1290 2484 donatus:
1327 2439 1607 2495 gratulamur
1639 2437 1800 2479 deinde

115 2513 349 2557 universae
386 2520 566 2557 nostrae
604 2513 830 2564 Societati,
855 2513 978 2569 quod
1013 2514 1097 2555 hoc
1135 2518 1336 2566 ternpore
1377 2511 1481 2565 (quo
1518 2509 1802 2563 languescere

115 2583 161 2625 in
190 2599 243 2627 ea
271 2585 512 2628 videbatur
542 2586 731 2641 antiqua
759 2585 834 2626 illa
863 2588 1046 2639 patrum
1076 2588 1332 2625 nostrorum
1362 2580 1557 2623 charitas
1587 2584 1631 2621 et
1662 2578 1801 2621 animi

117 2655 392 2711 simplicitas)
418 2657 498 2698 tali
519 2657 665 2712 capite
687 2660 801 2698 esset
822 2659 996 2702 ornata,
1021 2668 1076 2696 ex
1105 2668 1195 2709 quo
1215 2653 1261 2694 in
1281 2666 1435 2694 omnes
1454 2650 1613 2693 mundi
1633 2654 1799 2705 partes,

69 2748 104 2775 35
117 2725 163 2767 in
195 2727 346 2770 omnia
379 2728 562 2783 collegia
596 2733 640 2770 et
674 2727 878 2769 membra
911 2724 1160 2773 Societatis,
1196 2723 1328 2766 rivuli
1361 2722 1493 2765 vivae
1527 2735 1671 2777 aquae
1705 2721 1802 2762 dul-

118 2796 318 2840 cissimae
349 2799 596 2848 charitatis,
630 2797 826 2854 pietatis,
859 2795 1158 2839 humanitatis
1189 2799 1233 2836 et
1265 2798 1544 2836 caeterarum
1575 2792 1801 2835 virtutum

119 2867 294 2911 assidue
340 2884 523 2912 manare
570 2884 660 2911 non
707 2873 943 2910 cessarent.
994 2866 1285 2909 Gratulamur
1331 2869 1563 2920 praeterea
1609 2867 1653 2904 et
1701 2861 1799 2910 tibi,

120 2937 254 2980 Pater
290 2940 541 2983 dulcissime
578 2945 622 2982 et
661 2953 906 2996 precamur,
957 2943 1007 2979 ut
1039 2938 1124 2979 hoc
1155 2950 1280 2985 onus,
1319 2935 1442 2991 quod
1477 2933 1674 2976 humeris
1711 2932 1803 2974 tuis

122 3012 188 3048 est
224 3008 499 3065 impositum,
533 3012 664 3054 cedat
697 3010 755 3053 ad
786 3009 1032 3052 maximam
1064 3007 1148 3050 Dei
1179 3012 1248 3049 ter
1273 3006 1459 3049 maximi
1491 3005 1700 3060 gloriam:
1743 3003 1801 3044 ad

74 3078 328 3125 40ecclesiae
363 3082 525 3124 Christi
560 3082 780 3137 singulare
815 3080 1141 3122 incrementum
1177 3083 1221 3120 et
1257 3077 1315 3119 ad
1346 3082 1526 3119 nostrae
1548 3074 1799 3122 Societatis‚

124 3147 279 3204 tuique
318 3152 510 3195 nominis
550 3157 816 3208 perpetuam
856 3151 1049 3193 laudem.
