2188 3535
146 198 239 242 1581
274 206 364 241 aug.
404 195 466 239 18]
915 194 989 228 No.
1027 204 1072 240 57
1770 201 1834 236 151

141 313 316 356 occulte
349 327 405 356 ex
437 312 621 368 collegio
654 317 699 354 et
733 312 888 354 multis
921 312 1123 355 vestibus
1152 311 1471 361 studiosorum,
1495 315 1540 353 et
1574 309 1736 354 miram
1768 310 1839 353 hic

142 383 424 440 tragoediam
471 383 703 432 excitavit,
754 383 964 438 quamvis
1012 388 1171 438 postea
1218 381 1371 425 omnia
1418 382 1476 424 ab
1522 382 1620 437 ipso
1668 381 1836 431 ablata,

141 460 406 510 recuperata
440 459 561 496 sunt.
601 454 904 496 Nihilominus
940 459 1095 496 tamen
1131 453 1345 509 operariis
1380 452 1536 495 multis
1571 452 1835 508 indigemus.

144 525 372 581 Imprimis
401 526 520 568 bono
551 524 701 580 aliquo
744 525 1059 567 concionatore
1106 525 1301 579 Ungaro.
1351 524 1470 566 Nam
1501 525 1548 566 P.
1582 524 1839 579 Stephanus

95 613 112 639 5
144 596 310 638 multos
348 595 538 638 offendit
576 595 668 638 suis
706 595 945 638 invectivis
983 596 1029 637 in
1066 595 1328 637 haereticos.
1371 594 1544 637 Deinde
1582 594 1838 637 studiorum

143 666 383 721 praefecto,
434 667 651 723 magistro
700 667 852 709 classis
900 666 1163 715 rhetoricae,
1215 679 1354 722 quam
1402 665 1605 708 nondum
1654 665 1838 721 quidem

142 737 412 792 aperuimus,
437 738 544 794 quia
571 752 651 780 nec
679 738 948 793 magistrum
974 737 1230 785 habuimus,
1260 751 1341 779 nec
1368 736 1552 778 idoneos
1579 736 1834 792 discipulos,

142 808 221 850 sed
267 822 385 851 anno
433 809 640 865 sequenti
688 823 920 864 speramus
968 808 1258 864 aperiendam
1306 821 1413 849 esse.
1464 807 1679 863 Magistro
1727 807 1837 849 item

141 879 440 922 humanitatis
474 885 518 922 et
553 894 634 936 pro
667 880 965 935 grammatica
998 879 1213 934 magistro
1236 880 1434 933 Ungaro,
1467 892 1603 933 quem
1634 878 1763 920 nobis
1787 879 1834 920 P.

94 967 129 993 10
142 950 430 993 Everhardus
470 950 571 1007 piae
610 951 852 993 memoriae
892 950 1120 993 Generalis
1161 964 1215 991 ex
1244 949 1428 991 Austria
1468 949 1590 991 mitti
1630 948 1833 990 iusserat.

142 1021 190 1063 P.
219 1021 443 1064 Martinus
468 1022 602 1065 Undo
629 1027 696 1064 est
730 1023 915 1070 Romae,
958 1023 1004 1063 P.
1048 1023 1225 1063 Marcus
1263 1020 1462 1062 Viennae
1489 1025 1533 1061 et
1562 1021 1609 1061 P.
1639 1021 1697 1061 M.
1727 1020 1835 1061 Leo-

141 1092 322 1141 nardus,
381 1107 536 1136 omnes
592 1093 638 1134 hi
682 1093 853 1148 Ungari
896 1098 940 1134 et
985 1092 1044 1134 ad
1087 1090 1448 1134 concionandum
1491 1096 1535 1132 et
1581 1090 1834 1132 docendum

140 1162 188 1204 in
222 1163 384 1205 scholis
417 1164 579 1206 idonei.
618 1164 723 1206 Istis
757 1163 1060 1219 indigerimus,
1098 1162 1133 1204 si
1168 1176 1303 1218 quem
1338 1166 1383 1202 et
1418 1160 1464 1202 in
1498 1160 1672 1209 scholis,
1710 1166 1755 1202 et
1790 1160 1835 1202 in

142 1233 431 1277 concionibus
461 1248 715 1277 successum
745 1239 1050 1290 expectamus.
1084 1234 1188 1275 Non
1217 1237 1285 1274 est
1315 1231 1519 1280 dubium,
1552 1231 1662 1287 quin
1693 1231 1834 1273 maxi-

94 1321 129 1348 15
142 1319 268 1347 mum
312 1305 511 1348 fructum
554 1311 704 1361 posset
748 1305 819 1347 hic
864 1305 1008 1347 facere
1051 1303 1354 1352 concionator,
1399 1302 1436 1344 si
1495 1307 1611 1344 esset
1671 1316 1836 1357 magna

143 1375 364 1418 charitate
394 1381 438 1418 et
468 1376 561 1418 zelo
592 1376 846 1418 animarum
875 1382 920 1418 et
950 1375 1191 1417 sufficienti
1221 1373 1428 1416 doctrina
1458 1373 1702 1429 praeditus.
1737 1373 1835 1415 Iam

143 1460 248 1488 vero
273 1446 320 1488 in
345 1447 528 1502 singulis
554 1447 680 1502 pagis
704 1446 869 1488 nostris
895 1446 1070 1501 singula
1095 1445 1267 1500 templa
1292 1445 1524 1493 habemus,
1553 1458 1716 1499 nempe
1741 1457 1832 1491 sex,

142 1530 197 1558 ex
249 1517 413 1572 quibus
466 1517 695 1560 ministros
747 1517 996 1559 haereticos
1049 1516 1316 1572 expulimus.
1373 1515 1628 1558 Catholicos
1681 1520 1835 1556 autem

141 1588 373 1642 parochos,
420 1602 534 1644 quos
579 1588 923 1637 substituamus,
971 1602 1062 1630 non
1106 1588 1356 1637 habemus;
1403 1600 1542 1642 quare
1587 1586 1835 1628 necessario

92 1674 128 1701 20
141 1657 225 1713 ipsi
253 1673 418 1701 munus
448 1660 747 1715 parochorum
776 1659 899 1702 obire
929 1658 1130 1714 cogimur
1159 1664 1203 1700 et
1233 1658 1279 1700 in
1308 1657 1467 1700 vicinis
1496 1657 1680 1714 quidem
1710 1656 1836 1712 pagis

140 1743 230 1771 non
265 1735 333 1772 est
369 1735 502 1773 tanta
537 1730 794 1773 difficultas.
843 1730 930 1773 Sed
964 1730 1054 1772 duo
1091 1729 1194 1786 pagi
1230 1730 1396 1771 absunt
1432 1728 1536 1771 hinc
1571 1728 1711 1771 ternis
1747 1728 1836 1770 fere

140 1799 404 1843 milliaribus
431 1801 710 1857 germanicis,
743 1801 801 1844 ad
829 1815 942 1857 quos
970 1801 1017 1842 in
1045 1806 1178 1843 tanta
1210 1807 1394 1856 patrum
1422 1814 1697 1855 ungarorum
1725 1813 1836 1854 pau-

138 1871 293 1921 citate,
317 1872 540 1915 rarissime
577 1873 915 1915 concionatores
952 1872 1190 1915 mittimus.
1233 1871 1541 1927 Indigeremus
1573 1876 1617 1913 et
1655 1870 1836 1913 coadiu-

140 1942 315 1985 toribus
358 1943 574 1999 pluribuS,
622 1944 818 1986 maxime
859 1958 979 1993 coco,
1026 1943 1193 1999 pistore
1238 1948 1283 1984 et
1328 1948 1492 1985 sutore.
1540 1943 1671 1985 Nunc
1716 1941 1835 1983 enim

92 2010 350 2057 25externos
371 2028 502 2057 cocos
522 2014 569 2056 in
591 2014 774 2070 collegio
797 2020 948 2057 tenere
971 2015 1184 2070 cogimur,
1209 2028 1313 2056 cum
1335 2028 1426 2056 non
1448 2013 1626 2056 modica
1648 2013 1834 2055 distrac-

140 2083 263 2126 tione
294 2090 339 2127 et
374 2085 594 2135 molestia,
619 2085 758 2128 etiam
791 2086 837 2127 in
865 2100 981 2141 pane
1012 2085 1309 2142 praevisendo
1344 2084 1467 2140 apud
1501 2090 1710 2127 externos
1743 2096 1834 2124 non

141 2168 302 2211 parum
332 2156 488 2199 damni
517 2157 656 2198 habet
688 2156 935 2212 collegium.

275 2227 408 2283 Quod
442 2228 502 2270 ad
535 2227 787 2283 spiritualia
821 2227 1001 2276 attinet,
1038 2229 1162 2277 haec,
1186 2232 1238 2269 ut
1270 2240 1428 2269 verum
1463 2226 1622 2275 fatear,
1645 2239 1736 2267 non
1769 2224 1836 2267 ita

141 2298 405 2353 procedunt,
446 2298 578 2340 sicuti
628 2304 672 2340 et
711 2298 885 2348 vellem,
925 2304 970 2340 et
1008 2298 1054 2340 in
1091 2298 1210 2340 hisce
1249 2296 1478 2354 principiis
1534 2302 1649 2338 esset
1687 2309 1834 2337 neces-

93 2383 128 2411 30
141 2368 334 2413 sarium:
364 2370 471 2425 quia
492 2369 695 2412 nonnulli
716 2383 808 2411 non
828 2375 947 2411 recte
969 2369 1185 2411 incedunt
1211 2369 1257 2409 in
1282 2367 1357 2410 via
1382 2367 1679 2416 obedientiae,
1697 2366 1836 2408 etiam

142 2453 197 2481 ex
223 2439 289 2490 iis,
318 2440 396 2496 qui
423 2441 659 2483 columnae
685 2454 779 2482 esse
806 2440 1077 2490 videantur:
1106 2453 1186 2481 nec
1214 2439 1377 2480 desunt
1405 2438 1543 2493 aliqui
1569 2437 1835 2488 scandalosi,

141 2524 233 2552 non
275 2512 458 2567 quidem
500 2511 711 2567 graviter,
755 2510 834 2553 sed
862 2510 940 2566 qui
982 2515 1137 2552 tamen
1196 2509 1451 2551 dissolvunt
1494 2514 1539 2551 et
1582 2508 1836 2564 impediunt

143 2580 438 2637 disciplinam.
475 2583 606 2626 Unde
630 2582 884 2624 mutatione
917 2581 1203 2637 quarundam
1236 2593 1528 2635 personarum
1556 2593 1670 2635 opus
1691 2584 1834 2622 esset:

143 2656 188 2694 et
227 2657 359 2695 tanto
398 2653 541 2709 magis
579 2653 879 2708 indigeremus
918 2651 1060 2707 patris
1099 2650 1385 2707 provincialis
1424 2650 1691 2707 praesentia.
1735 2651 1837 2692 Huc

96 2723 317 2765 35accedit
347 2724 582 2781 aegritudo
613 2725 660 2766 P.
694 2723 925 2772 Ludovici‚
958 2722 1035 2778 qui
1065 2736 1091 2764 a
1120 2735 1272 2764 mense
1300 2721 1443 2777 Aprili
1472 2722 1610 2764 habet
1640 2720 1838 2778 paralysi

145 2794 359 2838 affectum
384 2800 629 2851 utrumque
655 2794 816 2850 pedem
838 2810 845 2838 ;
873 2794 951 2843 ita,
979 2798 1030 2835 ut
1057 2798 1296 2848 tamquam
1317 2792 1466 2835 infans
1487 2807 1510 2835 e
1531 2792 1648 2835 lecto
1674 2791 1838 2848 deponi

145 2868 190 2905 et
228 2879 407 2909 rursum
445 2866 617 2922 imponi
657 2865 820 2907 debeat
860 2864 1016 2907 alienis
1055 2863 1277 2906 manibus.
1320 2863 1376 2906 Ei
1414 2878 1505 2906 non
1543 2864 1610 2906 ita
1649 2863 1836 2919 pridem,

147 2936 406 2979 consulente
439 2936 640 2993 quodam
674 2936 862 2985 medico,
899 2935 1100 2978 cauteria
1133 2934 1179 2976 in
1214 2933 1404 2990 pedibus
1436 2934 1532 2977 fieri
1566 2934 1836 2977 curavimus.

148 3004 408 3049 Suadebant
435 3007 575 3050 etiam
602 3007 778 3058 medici,
797 3012 849 3048 ut
872 3005 1136 3049 Cracoviam
1163 3005 1422 3047 mitteretur
1451 3005 1676 3061 (quamvis
1703 3003 1840 3046 iidem

99 3074 373 3127 40dicebant,
405 3078 615 3121 morbum
646 3092 740 3120 esse
771 3082 816 3120 et
849 3077 1128 3125 diuturnum,
1153 3081 1198 3118 et
1226 3075 1552 3130 incurabilem),
1586 3075 1666 3118 sed
1695 3088 1840 3130 neque

149 3144 296 3189 visum
316 3152 384 3190 est
405 3148 453 3190 id
473 3148 818 3198 consultoribus,
842 3163 923 3190 nec
954 3161 1034 3203 ego
1064 3146 1112 3189 id
1142 3146 1287 3189 facere
1317 3152 1538 3202 poteram,
1574 3146 1670 3189 sine
1700 3147 1754 3188 R.
1789 3146 1836 3188 P.
