2188 3535
312 176 382 210 160
1069 174 1144 209 No.
1181 178 1226 221 58
1675 177 1786 224 [1581
1823 188 1911 222 aug.
1949 189 1994 214 22

310 309 338 336 a
358 294 518 343 ventis,
545 307 689 349 pauca
720 293 838 334 vitra
869 298 1133 335 manserunt
1164 293 1339 349 integra
1370 298 1414 336 et
1447 294 1643 337 secundo
1674 295 1878 350 oportuit
1910 295 1998 337 alia

311 365 430 407 vitra
457 378 629 406 emere:
663 363 751 417 tegi
779 362 954 404 scholas
981 368 1026 404 et
1056 364 1291 419 collegium
1319 365 1510 415 curavit,
1541 365 1805 421 priusquam
1833 365 1999 408 camini

309 436 594 490 erigerentur.
619 433 736 475 Hinc
757 432 931 474 factum
950 438 1032 482 est,
1056 439 1106 476 ut
1128 449 1232 477 cum
1252 435 1417 478 camini
1437 436 1724 491 erigerentur,
1747 435 1998 491 oportuerit

310 506 474 546 iterum
489 503 735 552 dimidiam,
754 502 918 545 iterum
938 509 1115 559 partem
1138 510 1364 549 tectorum
1386 506 1560 549 diruere
1582 512 1627 548 et
1651 506 1847 549 secundo
1869 506 1999 550 novis

310 574 515 630 expensis
544 578 703 628 tegere.
2030 588 2047 615 5

425 645 478 686 In
505 643 819 699 extinguendis
846 650 1107 689 sanctorum
1134 646 1273 697 festis,
1302 647 1404 704 plus
1425 647 1509 690 sibi
1531 647 1669 690 sumit
1692 647 1998 698 authoritatis,

310 729 447 771 quam
480 714 727 769 episcopus.
765 716 1017 771 Approbat,
1043 731 1159 773 quae
1181 718 1280 760 vult
1313 723 1359 760 et
1392 718 1576 775 quando
1609 718 1722 768 vult,
1757 724 1802 761 et
1835 718 2001 761 iterum

308 786 440 827 delet.
474 786 605 827 Anno
636 785 881 840 praeterito
913 786 1036 829 facta
1067 787 1213 831 fuerat
1244 788 1362 831 inter
1392 804 1464 832 me
1494 794 1540 831 et
1570 789 1719 846 ipsum
1751 789 2001 845 disputatio

309 855 552 911 privatim:
600 855 694 911 ipse
723 857 949 907 censebat,
978 859 1237 901 communia
1262 864 1446 902 tantum
1472 860 1589 903 festa
1615 859 1792 909 Christi,
1821 866 2000 916 aposto-

308 927 454 968 lorum
488 931 532 968 et
568 927 793 982 quaedam
835 929 886 970 B.
924 929 1117 985 Virginis
1151 944 1245 973 esse
1279 931 1515 980 servanda,
1552 936 1731 974 caetera
1764 931 1998 974 abolenda.
2017 947 2050 974 10

309 998 404 1052 Ego
435 1002 589 1040 autem
612 997 719 1049 dixi,
743 1013 834 1041 non
863 1013 957 1042 esse
978 1000 1121 1043 nostri
1150 1000 1287 1043 officii
1316 1001 1590 1044 constituere
1619 1016 1740 1045 nova
1770 1001 1898 1052 festa,
1932 1002 2003 1044 vel

308 1068 501 1124 antiqua
532 1069 721 1117 abolere,
756 1070 835 1111 sed
866 1070 1043 1114 illarum
1075 1072 1410 1127 provinciarum
1443 1072 1560 1115 festa
1590 1073 1743 1115 omnia
1778 1074 1909 1129 (quae
1941 1072 2003 1115 ibi

309 1153 335 1181 a
368 1139 599 1181 catholicis
632 1140 976 1196 archiepiscopis
1010 1149 1088 1185 aut
1122 1143 1320 1185 conciliis
1351 1148 1531 1186 statuta
1565 1145 1745 1198 essent),
1771 1144 1817 1186 in
1838 1143 2003 1200 quibus

309 1209 631 1260 habitavimus,
656 1225 749 1253 esse
788 1214 1022 1256 servanda.
1066 1213 1209 1270 quue
1247 1228 1327 1270 ego
1365 1214 1627 1257 inductione
1665 1215 1868 1270 probavi,
1897 1214 2004 1270 quia

309 1280 356 1322 in
400 1280 610 1323 omnibus
657 1282 911 1336 provinciis,
954 1284 1000 1326 in
1044 1285 1209 1340 quibus
1256 1285 1398 1327 nostri
1443 1290 1563 1335 sunt,
1617 1291 1801 1328 servant
1849 1299 2004 1328 eorum
2020 1300 2052 1328 15

311 1351 451 1393 festa:
487 1365 590 1407 ergo
613 1357 657 1393 et
685 1367 766 1395 nos
789 1353 1004 1397 debemus
1027 1355 1098 1397 hic
1122 1356 1312 1412 antiqua
1334 1356 1558 1412 Ungariae
1582 1361 1627 1399 et
1650 1357 2004 1413 Transylvaniae

311 1422 429 1464 festa
457 1436 646 1465 servare.
679 1424 740 1466 At
770 1424 933 1468 durum
962 1431 1044 1475 est,
1076 1426 1237 1482 inquit,
1269 1428 1354 1469 sub
1382 1432 1568 1483 peccato
1599 1428 1779 1470 mortali
1808 1427 2004 1484 obligare

311 1492 485 1548 aliquos
507 1493 566 1535 ad
586 1494 948 1538 observationem
970 1497 1158 1540 alicuius
1188 1497 1304 1540 sesti.
1342 1498 1423 1540 Cui
1444 1512 1524 1554 ego
1547 1498 1653 1548 dixi,
1677 1513 1758 1541 nos
1779 1498 2004 1541 neminem

311 1563 522 1619 obligare,
542 1578 621 1606 nec
639 1565 697 1607 ad
713 1571 964 1620 peccatum,
984 1582 1063 1610 nec
1081 1568 1140 1610 ad
1157 1568 1260 1611 festi
1275 1569 1653 1618 observationem,
1672 1569 1751 1612 sed
1766 1569 2004 1626 antiquam

313 1634 634 1689 obligationem
656 1650 864 1679 revocare
897 1638 943 1680 in
975 1639 1252 1689 memoriam,
1288 1639 1418 1689 sicut,
1458 1640 1536 1696 qui
1558 1645 1740 1683 revocat
1763 1645 2054 1696 praeceptam

312 1705 512 1760 decalogi
535 1706 793 1749 hominibus
814 1708 860 1750 in
883 1710 1147 1752 memoriam
1170 1724 1260 1752 non
1295 1710 1469 1752 inducit
1505 1725 1625 1753 nova
1661 1711 1880 1753 mandata
1902 1725 2005 1753 cum

313 1790 433 1818 nova
451 1776 725 1832 obligatione
745 1784 828 1821 etc.
852 1780 1025 1822 Deinde
1046 1781 1269 1831 catholici,
1287 1781 1366 1837 qui
1381 1781 1453 1823 hic
1468 1781 1694 1831 habitant,
1713 1782 2007 1824 recordantur

313 1846 531 1889 festorum
566 1848 858 1904 antiquorum
893 1856 937 1892 et
974 1851 1246 1902 desiderant,
1270 1857 1321 1894 ut
1356 1852 1722 1908 promulgentur:
1761 1853 1839 1909 qui
1874 1853 2006 1895 vehe-

313 1922 488 1959 menter
521 1919 825 1970 offenduntur,
863 1922 1046 1977 quando
1080 1922 1233 1978 aliqua
1265 1937 1321 1965 ex
1353 1922 1424 1965 his
1457 1923 1914 1979 praetermittuntur;
1951 1937 2005 1966 ex

312 1988 478 2043 quibus
509 2003 599 2031 non
632 1990 884 2041 defuerunt,
919 1993 997 2048 qui
1029 1993 1228 2035 dicerent
1264 2008 1346 2036 nos
1382 2008 1463 2036 nec
1498 1994 1744 2037 catholicos
1779 2008 1887 2044 esse,
1925 2007 2006 2036 nec
2020 2007 2055 2034 25

312 2058 573 2109 haereticos,
594 2061 717 2116 quod
734 2076 814 2104 nec
832 2077 935 2106 cum
953 2063 1064 2113 istis,
1085 2078 1166 2106 nec
1183 2078 1288 2107 cum
1305 2064 1390 2107 illis
1407 2065 1453 2107 in
1471 2065 1690 2107 festorum
1707 2065 2007 2108 celebratione

313 2130 667 2174 conveniremus.
695 2134 900 2189 Denique
923 2135 1076 2177 omnia
1100 2135 1191 2178 fere
1214 2135 1458 2191 peculiaria
1481 2135 1598 2179 festa
1622 2136 1847 2192 Ungariae
1874 2137 2007 2192 (quae

313 2200 465 2242 omnia
502 2201 660 2244 eadem
697 2209 802 2245 sunt
841 2210 885 2246 et
923 2206 1292 2262 Transylvaniae)
1335 2206 1518 2249 fuerunt
1551 2221 1577 2250 a
1608 2207 1721 2250 Sede
1759 2206 2008 2263 apostolica

313 2272 568 2326 approbata
599 2279 643 2314 et
677 2274 892 2318 miraculo
924 2290 951 2318 a
983 2278 1079 2319 Deo
1111 2278 1392 2320 confirmata.
1434 2279 1740 2334 Quamobrem
1771 2278 1865 2320 sine
1897 2291 2006 2333 pon-

315 2341 446 2384 tificis
486 2344 765 2388 authoritate
789 2360 1024 2403 nunquam
1047 2348 1193 2391 ausim
1216 2363 1297 2404 ego
1321 2349 1565 2405 quicquam
1588 2349 1635 2391 in
1656 2349 1726 2392 his
1748 2348 2003 2392 immutare.
2020 2360 2055 2387 30

430 2415 497 2455 De
510 2415 593 2456 hac
606 2416 882 2471 quaestione,
894 2419 1018 2461 nulla
1029 2419 1152 2474 prius
1166 2419 1288 2462 facta
1300 2420 1631 2463 consultatione
1644 2434 1747 2463 cum
1759 2419 1856 2462 aliis
1868 2419 2007 2475 patri-

315 2483 411 2532 bus,
437 2485 612 2540 scripsit
635 2486 694 2528 ad
715 2488 1036 2543 provincialem
1058 2504 1188 2533 suam
1209 2490 1484 2534 sententiam
1512 2496 1556 2534 et
1586 2490 1843 2534 numeravit
1872 2503 2008 2546 quae-

315 2553 422 2595 dam
445 2554 572 2605 festa,
597 2572 712 2613 quae
735 2559 844 2601 velit
866 2574 1056 2603 servare.
1083 2561 1375 2604 Provincialis
1396 2562 1622 2618 rescripsit
1644 2561 1891 2604 secundum
1914 2561 2008 2603 eius

317 2623 599 2676 desiderium,
633 2629 712 2670 sed
743 2644 823 2672 nec
855 2630 931 2673 illa
962 2636 1120 2686 postea
1152 2647 1179 2674 a
1210 2632 1474 2688 provinciali
1506 2634 1760 2689 approbata
1791 2631 2002 2675 servavit.

318 2695 436 2736 Nam
478 2697 793 2743 Inventionem
829 2702 870 2744 S.
908 2702 1059 2745 Crucis
1093 2717 1196 2746 cum
1231 2703 1518 2759 provincialis
1551 2718 1641 2746 non
1675 2703 1876 2752 delesset,
1914 2703 2007 2758 ipse
2020 2713 2055 2741 35

318 2764 498 2808 delevit.
528 2768 655 2811 Idem
680 2770 785 2812 fecit
810 2778 855 2813 et
881 2787 985 2815 cum
1011 2773 1126 2816 festo
1152 2774 1319 2817 Mariae
1344 2774 1649 2830 Magdalenae.
1678 2775 1797 2816 Item
1820 2773 1867 2815 in
1893 2773 2008 2815 festo

320 2835 512 2879 Simonis
548 2844 592 2880 et
629 2841 776 2894 Judae
813 2857 894 2898 ego
930 2843 975 2885 in
1013 2845 1183 2900 templo
1219 2845 1512 2887 concionatus
1548 2859 1648 2888 sum
1684 2850 1729 2888 et
1765 2845 1812 2886 in
1847 2844 2009 2887 scholis

319 2906 483 2949 nostris
505 2907 620 2951 fabri
642 2911 815 2966 lignarii
841 2914 1118 2958 laborarunt.
1151 2916 1270 2957 Item
1298 2915 1344 2957 in
1373 2915 1488 2958 festo
1517 2916 1558 2958 S.
1591 2915 1787 2959 Ladislai
1818 2915 1912 2971 (qui
1941 2919 2008 2957 est

320 2976 577 3033 principalis
619 2987 836 3035 patronus
878 2991 980 3040 post
1024 2986 1065 3029 S.
1111 2986 1394 3042 Stephanum
1436 3000 1584 3042 regem
1626 2985 1864 3042 Ungariae)
1912 2999 2008 3041 per-

318 3047 455 3098 misit,
478 3053 530 3090 ut
554 3049 719 3094 festum
741 3056 1072 3112 promulgarem
1098 3062 1143 3099 et
1170 3056 1458 3099 concionarer
1473 3071 1482 3108 ;
1512 3062 1557 3099 et
1584 3057 1764 3099 interim
1791 3056 1886 3112 ipse
1912 3062 2057 3099 tamw

319 3118 403 3160 sub
429 3120 654 3171 concione,
683 3137 821 3178 quam
848 3127 931 3168 sub
958 3141 1097 3177 sacro,
1127 3132 1171 3170 et
1199 3133 1296 3170 tam
1323 3133 1442 3178 ante,
1472 3142 1611 3184 quarn
1637 3133 1740 3184 post
1768 3127 2008 3184 prandium
