<?xml version="1.0" encoding="UTF-8"?>
<!DOCTYPE html PUBLIC "-//W3C//DTD XHTML 1.0 Transitional//EN"
    "http://www.w3.org/TR/xhtml1/DTD/xhtml1-transitional.dtd">
<html xmlns="http://www.w3.org/1999/xhtml" xml:lang="en" lang="en">
 <head>
  <title>
</title>
<meta http-equiv="Content-Type" content="text/html;charset=utf-8" />
  <meta name='ocr-system' content='tesseract 3.04.00' />
  <meta name='ocr-capabilities' content='ocr_page ocr_carea ocr_par ocr_line ocrx_word'/>
</head>
<body>
  <div class='ocr_page' id='page_1' title='image "./epistolaeetactaj01vereuoft_0152.png"; bbox 0 0 2188 3535; ppageno 0'>
   <div class='ocr_carea' id='block_1_1' title="bbox 238 198 1928 245">
    <p class='ocr_par' dir='ltr' id='par_1_1' title="bbox 238 198 1928 245">
     <span class='ocr_line' id='line_1_1' title="bbox 238 198 1928 245; baseline -0.001 -10"><span class='ocrx_word' id='word_1_1' title='bbox 238 208 305 243; x_wconf 81' lang='lat'>108</span> <span class='ocrx_word' id='word_1_2' title='bbox 1001 200 1075 234; x_wconf 88' lang='lat' dir='ltr'>No.</span> <span class='ocrx_word' id='word_1_3' title='bbox 1108 210 1162 244; x_wconf 87' lang='lat'>40</span> <span class='ocrx_word' id='word_1_4' title='bbox 1650 199 1769 245; x_wconf 87' lang='lat'>[1580</span> <span class='ocrx_word' id='word_1_5' title='bbox 1797 198 1868 243; x_wconf 75' lang='lat' dir='ltr'>jul.</span> <span class='ocrx_word' id='word_1_6' title='bbox 1905 200 1928 234; x_wconf 89' lang='lat'>8</span> 
     </span>
    </p>
   </div>
   <div class='ocr_carea' id='block_1_2' title="bbox 356 371 1803 651">
    <p class='ocr_par' dir='ltr' id='par_1_2' title="bbox 356 371 1803 651">
     <span class='ocr_line' id='line_1_2' title="bbox 1042 371 1114 414; baseline 0.014 -1"><span class='ocrx_word' id='word_1_7' title='bbox 1042 371 1114 414; x_wconf 83' lang='lat'>40.</span> 
     </span>
     <span class='ocr_line' id='line_1_3' title="bbox 710 480 1443 536; baseline 0.001 -14"><span class='ocrx_word' id='word_1_8' title='bbox 710 481 1050 536; x_wconf 65' lang='lat' dir='ltr'>GyulaJejeirva&#39;r,</span> <span class='ocrx_word' id='word_1_9' title='bbox 1084 481 1199 534; x_wconf 84' lang='lat'><em>1580</em></span> <span class='ocrx_word' id='word_1_10' title='bbox 1229 480 1371 536; x_wconf 67' lang='lat' dir='ltr'>julius</span> <span class='ocrx_word' id='word_1_11' title='bbox 1402 482 1443 523; x_wconf 90' lang='grc'>8.</span> 
     </span>
     <span class='ocr_line' id='line_1_4' title="bbox 356 597 1803 651; baseline -0.003 -12"><span class='ocrx_word' id='word_1_12' title='bbox 356 601 547 651; x_wconf 78' lang='lat' dir='ltr'>Bathory</span> <span class='ocrx_word' id='word_1_13' title='bbox 577 598 742 638; x_wconf 79' lang='lat' dir='ltr'>Kristof</span> <span class='ocrx_word' id='word_1_14' title='bbox 771 597 990 648; x_wconf 71' lang='lat' dir='ltr'>iejedelem</span> <span class='ocrx_word' id='word_1_15' title='bbox 1021 597 1214 637; x_wconf 78' lang='lat' dir='ltr'>sombori</span> <span class='ocrx_word' id='word_1_16' title='bbox 1243 598 1391 637; x_wconf 77' lang='lat' dir='ltr'>Laszlo</span> <span class='ocrx_word' id='word_1_17' title='bbox 1421 597 1803 637; x_wconf 69' lang='lat' dir='ltr'>dezsmaberlc&#39;inek.</span> 
     </span>
    </p>
   </div>
   <div class='ocr_carea' id='block_1_3' title="bbox 229 700 1982 863">
    <p class='ocr_par' dir='ltr' id='par_1_3' title="bbox 229 700 1982 863">
     <span class='ocr_line' id='line_1_5' title="bbox 358 700 1929 755; baseline -0.001 -11"><span class='ocrx_word' id='word_1_18' title='bbox 358 707 409 745; x_wconf 86' lang='lat' dir='ltr'><em>M</em></span> <span class='ocrx_word' id='word_1_19' title='bbox 413 705 488 744; x_wconf 74' lang='lat' dir='ltr'>ivel</span> <span class='ocrx_word' id='word_1_20' title='bbox 527 718 550 743; x_wconf 90' lang='lat' dir='ltr'>a</span> <span class='ocrx_word' id='word_1_21' title='bbox 589 704 726 743; x_wconf 65' lang='lat' dir='ltr'>ma‘kc‘oei</span> <span class='ocrx_word' id='word_1_22' title='bbox 765 704 1151 755; x_wconf 76' lang='lat' dir='ltr'>de‘zsmajovedelmet</span> <span class='ocrx_word' id='word_1_23' title='bbox 1189 717 1213 743; x_wconf 84' lang='lat' dir='ltr'>a</span> <span class='ocrx_word' id='word_1_24' title='bbox 1252 703 1474 743; x_wconf 80' lang='lat' dir='ltr'>kolozsva&#39;ri</span> <span class='ocrx_word' id='word_1_25' title='bbox 1523 700 1929 755; x_wconf 65' lang='lat' dir='ltr'>jezsuita-kolleigium</span> 
     </span>
     <span class='ocr_line' id='line_1_6' title="bbox 229 762 1982 814; baseline -0.002 -9"><span class='ocrx_word' id='word_1_26' title='bbox 229 766 386 805; x_wconf 71' lang='lat' dir='ltr'>tanulcii</span> <span class='ocrx_word' id='word_1_27' title='bbox 399 765 612 804; x_wconf 80' lang='lat' dir='ltr'>ella&#39;ta‘sa‘ra</span> <span class='ocrx_word' id='word_1_28' title='bbox 627 763 810 810; x_wconf 75' lang='lat' dir='ltr'>rendelte,</span> <span class='ocrx_word' id='word_1_29' title='bbox 832 763 1074 814; x_wconf 77' lang='lat' dir='ltr'>meghagyja</span> <span class='ocrx_word' id='word_1_30' title='bbox 1088 763 1196 810; x_wconf 78' lang='lat' dir='ltr'>neki,</span> <span class='ocrx_word' id='word_1_31' title='bbox 1211 763 1315 814; x_wconf 76' lang='lat' dir='ltr'>hogy</span> <span class='ocrx_word' id='word_1_32' title='bbox 1329 765 1459 802; x_wconf 59' lang='lat' dir='ltr'>{vente</span> <span class='ocrx_word' id='word_1_33' title='bbox 1487 762 1626 813; x_wconf 77' lang='lat' dir='ltr'>citadja</span> <span class='ocrx_word' id='word_1_34' title='bbox 1641 762 1930 809; x_wconf 83' lang='lat' dir='ltr'>senioruknak,</span> <span class='ocrx_word' id='word_1_35' title='bbox 1962 765 1982 793; x_wconf 82' lang='lat'>⁵</span> 
     </span>
     <span class='ocr_line' id='line_1_7' title="bbox 229 823 752 863; baseline -0.004 0"><span class='ocrx_word' id='word_1_36' title='bbox 229 825 394 863; x_wconf 71' lang='lat' dir='ltr'>minden</span> <span class='ocrx_word' id='word_1_37' title='bbox 418 824 579 862; x_wconf 79' lang='lat' dir='ltr'>levonds</span> <span class='ocrx_word' id='word_1_38' title='bbox 605 823 752 862; x_wconf 57' lang='lat' dir='ltr'>neilkz&#39;il.</span> 
     </span>
    </p>
   </div>
   <div class='ocr_carea' id='block_1_4' title="bbox 230 927 1984 3101">
    <p class='ocr_par' dir='ltr' id='par_1_4' title="bbox 230 927 1984 2960">
     <span class='ocr_line' id='line_1_8' title="bbox 349 927 1933 983; baseline -0.001 -12"><span class='ocrx_word' id='word_1_39' title='bbox 349 929 443 971; x_wconf 92' lang='lat' dir='ltr'>Nos</span> <span class='ocrx_word' id='word_1_40' title='bbox 467 928 816 983; x_wconf 89' lang='lat' dir='ltr'>Christophorus</span> <span class='ocrx_word' id='word_1_41' title='bbox 838 927 1030 970; x_wconf 88' lang='lat' dir='ltr'>Bathori</span> <span class='ocrx_word' id='word_1_42' title='bbox 1053 928 1108 969; x_wconf 93' lang='lat' dir='ltr'>de</span> <span class='ocrx_word' id='word_1_43' title='bbox 1131 928 1314 977; x_wconf 84' lang='lat' dir='ltr'>Somlio,</span> <span class='ocrx_word' id='word_1_44' title='bbox 1347 927 1545 970; x_wconf 89' lang='lat' dir='ltr'>vaivoda</span> <span class='ocrx_word' id='word_1_45' title='bbox 1575 927 1933 983; x_wconf 86' lang='lat' dir='ltr'>Transylvaniae</span> 
     </span>
     <span class='ocr_line' id='line_1_9' title="bbox 230 996 1932 1054; baseline -0.001 -13"><span class='ocrx_word' id='word_1_46' title='bbox 230 1004 314 1041; x_wconf 91' lang='lat' dir='ltr'>etc.</span> <span class='ocrx_word' id='word_1_47' title='bbox 364 999 606 1042; x_wconf 81' lang='lat' dir='ltr'>Memoriae</span> <span class='ocrx_word' id='word_1_48' title='bbox 642 999 1014 1040; x_wconf 81' lang='lat' dir='ltr'>commendamus</span> <span class='ocrx_word' id='word_1_49' title='bbox 1046 1003 1130 1040; x_wconf 93' lang='lat' dir='ltr'>etc.</span> <span class='ocrx_word' id='word_1_50' title='bbox 1187 998 1320 1054; x_wconf 75' lang='lat' dir='ltr'>Quod</span> <span class='ocrx_word' id='word_1_51' title='bbox 1355 1012 1459 1040; x_wconf 92' lang='lat' dir='ltr'>cum</span> <span class='ocrx_word' id='word_1_52' title='bbox 1495 998 1589 1040; x_wconf 93' lang='lat' dir='ltr'>Nos</span> <span class='ocrx_word' id='word_1_53' title='bbox 1624 1012 1680 1039; x_wconf 86' lang='lat' dir='ltr'>ex</span> <span class='ocrx_word' id='word_1_54' title='bbox 1716 996 1932 1054; x_wconf 83' lang='lat' dir='ltr'>singulari</span> 
     </span>
     <span class='ocr_line' id='line_1_10' title="bbox 232 1068 1931 1124; baseline -0.001 -13"><span class='ocrx_word' id='word_1_55' title='bbox 232 1069 383 1112; x_wconf 91' lang='lat' dir='ltr'>studio</span> <span class='ocrx_word' id='word_1_56' title='bbox 432 1075 477 1111; x_wconf 91' lang='lat' dir='ltr'>et</span> <span class='ocrx_word' id='word_1_57' title='bbox 527 1069 681 1111; x_wconf 85' lang='lat' dir='ltr'>favore</span> <span class='ocrx_word' id='word_1_58' title='bbox 717 1069 1053 1124; x_wconf 80' lang='lat' dir='ltr'>promovendae</span> <span class='ocrx_word' id='word_1_59' title='bbox 1089 1069 1136 1110; x_wconf 93' lang='lat' dir='ltr'>in</span> <span class='ocrx_word' id='word_1_60' title='bbox 1173 1069 1259 1110; x_wconf 94' lang='lat' dir='ltr'>hoc</span> <span class='ocrx_word' id='word_1_61' title='bbox 1297 1083 1434 1124; x_wconf 89' lang='lat' dir='ltr'>regno</span> <span class='ocrx_word' id='word_1_62' title='bbox 1470 1073 1625 1110; x_wconf 90' lang='lat' dir='ltr'>nostro</span> <span class='ocrx_word' id='word_1_63' title='bbox 1664 1068 1931 1110; x_wconf 87' lang='lat' dir='ltr'>eruditionis</span> 
     </span>
     <span class='ocr_line' id='line_1_11' title="bbox 232 1139 1984 1196; baseline -0.001 -15"><span class='ocrx_word' id='word_1_64' title='bbox 232 1140 631 1196; x_wconf 90' lang='lat' dir='ltr'>instituendaeque</span> <span class='ocrx_word' id='word_1_65' title='bbox 676 1139 937 1182; x_wconf 90' lang='lat' dir='ltr'>liberalibus</span> <span class='ocrx_word' id='word_1_66' title='bbox 985 1140 1161 1182; x_wconf 90' lang='lat' dir='ltr'>artibus</span> <span class='ocrx_word' id='word_1_67' title='bbox 1212 1139 1466 1181; x_wconf 89' lang='lat' dir='ltr'>iuventutis</span> <span class='ocrx_word' id='word_1_68' title='bbox 1507 1139 1654 1194; x_wconf 86' lang='lat' dir='ltr'>gratia</span> <span class='ocrx_word' id='word_1_69' title='bbox 1694 1139 1931 1194; x_wconf 85' lang='lat' dir='ltr'>collegium</span> <span class='ocrx_word' id='word_1_70' title='bbox 1946 1148 1984 1175; x_wconf 86' lang='lat'>1⁰</span> 
     </span>
     <span class='ocr_line' id='line_1_12' title="bbox 234 1209 1932 1265; baseline -0.001 -12"><span class='ocrx_word' id='word_1_71' title='bbox 234 1210 474 1253; x_wconf 81' lang='lat' dir='ltr'>Societatis</span> <span class='ocrx_word' id='word_1_72' title='bbox 514 1211 625 1265; x_wconf 91' lang='lat' dir='ltr'>Jesu</span> <span class='ocrx_word' id='word_1_73' title='bbox 666 1210 712 1251; x_wconf 92' lang='lat' dir='ltr'>in</span> <span class='ocrx_word' id='word_1_74' title='bbox 753 1210 941 1252; x_wconf 86' lang='lat' dir='ltr'>civitate</span> <span class='ocrx_word' id='word_1_75' title='bbox 982 1215 1140 1252; x_wconf 90' lang='lat' dir='ltr'>nostra</span> <span class='ocrx_word' id='word_1_76' title='bbox 1181 1209 1508 1252; x_wconf 88' lang='lat' dir='ltr'>Colosvariensi</span> <span class='ocrx_word' id='word_1_77' title='bbox 1558 1209 1932 1252; x_wconf 90' lang='lat' dir='ltr'>constituendum</span> 
     </span>
     <span class='ocr_line' id='line_1_13' title="bbox 232 1280 1929 1336; baseline -0.001 -13"><span class='ocrx_word' id='word_1_78' title='bbox 232 1281 495 1323; x_wconf 88' lang='lat' dir='ltr'>duxerimus</span> <span class='ocrx_word' id='word_1_79' title='bbox 512 1295 521 1332; x_wconf 91' lang='lat'>;</span> <span class='ocrx_word' id='word_1_80' title='bbox 561 1280 676 1331; x_wconf 91' lang='lat' dir='ltr'>ideo,</span> <span class='ocrx_word' id='word_1_81' title='bbox 715 1285 767 1322; x_wconf 88' lang='lat' dir='ltr'>ut</span> <span class='ocrx_word' id='word_1_82' title='bbox 792 1281 1007 1323; x_wconf 85' lang='lat' dir='ltr'>iuventus</span> <span class='ocrx_word' id='word_1_83' title='bbox 1034 1281 1146 1336; x_wconf 90' lang='lat' dir='ltr'>ipsa,</span> <span class='ocrx_word' id='word_1_84' title='bbox 1183 1294 1261 1322; x_wconf 92' lang='lat' dir='ltr'>seu</span> <span class='ocrx_word' id='word_1_85' title='bbox 1297 1280 1490 1322; x_wconf 82' lang='lat' dir='ltr'>studiosi</span> <span class='ocrx_word' id='word_1_86' title='bbox 1516 1280 1717 1322; x_wconf 91' lang='lat' dir='ltr'>eiusdem</span> <span class='ocrx_word' id='word_1_87' title='bbox 1743 1280 1929 1336; x_wconf 91' lang='lat' dir='ltr'>collegii,</span> 
     </span>
     <span class='ocr_line' id='line_1_14' title="bbox 233 1351 1931 1407; baseline -0.001 -14"><span class='ocrx_word' id='word_1_88' title='bbox 233 1351 401 1393; x_wconf 84' lang='lat' dir='ltr'>auxilio</span> <span class='ocrx_word' id='word_1_89' title='bbox 440 1357 485 1393; x_wconf 91' lang='lat' dir='ltr'>et</span> <span class='ocrx_word' id='word_1_90' title='bbox 525 1366 609 1407; x_wconf 93' lang='lat' dir='ltr'>ope</span> <span class='ocrx_word' id='word_1_91' title='bbox 649 1356 807 1393; x_wconf 90' lang='lat' dir='ltr'>nostra</span> <span class='ocrx_word' id='word_1_92' title='bbox 845 1351 891 1393; x_wconf 91' lang='lat' dir='ltr'>in</span> <span class='ocrx_word' id='word_1_93' title='bbox 931 1351 1265 1393; x_wconf 81' lang='lat' dir='ltr'>sustentatione</span> <span class='ocrx_word' id='word_1_94' title='bbox 1304 1351 1428 1393; x_wconf 88' lang='lat' dir='ltr'>vitae</span> <span class='ocrx_word' id='word_1_95' title='bbox 1474 1351 1621 1393; x_wconf 87' lang='lat' dir='ltr'>adiuti</span> <span class='ocrx_word' id='word_1_96' title='bbox 1668 1351 1840 1393; x_wconf 81' lang='lat' dir='ltr'>felicius</span> <span class='ocrx_word' id='word_1_97' title='bbox 1886 1355 1931 1393; x_wconf 91' lang='lat' dir='ltr'>et</span> 
     </span>
     <span class='ocr_line' id='line_1_15' title="bbox 232 1421 1928 1477; baseline 0 -14"><span class='ocrx_word' id='word_1_98' title='bbox 232 1422 385 1477; x_wconf 88' lang='lat' dir='ltr'>aptius</span> <span class='ocrx_word' id='word_1_99' title='bbox 411 1422 458 1463; x_wconf 92' lang='lat' dir='ltr'>in</span> <span class='ocrx_word' id='word_1_100' title='bbox 485 1422 576 1464; x_wconf 89' lang='lat' dir='ltr'>suis</span> <span class='ocrx_word' id='word_1_101' title='bbox 616 1422 778 1464; x_wconf 92' lang='lat' dir='ltr'>studiis</span> <span class='ocrx_word' id='word_1_102' title='bbox 818 1436 1000 1477; x_wconf 84' lang='lat' dir='ltr'>pergere</span> <span class='ocrx_word' id='word_1_103' title='bbox 1027 1427 1071 1464; x_wconf 92' lang='lat' dir='ltr'>et</span> <span class='ocrx_word' id='word_1_104' title='bbox 1100 1421 1308 1477; x_wconf 86' lang='lat' dir='ltr'>progredi</span> <span class='ocrx_word' id='word_1_105' title='bbox 1347 1421 1521 1477; x_wconf 87' lang='lat' dir='ltr'>possint</span> <span class='ocrx_word' id='word_1_106' title='bbox 1550 1427 1690 1477; x_wconf 86' lang='lat' dir='ltr'>atque</span> <span class='ocrx_word' id='word_1_107' title='bbox 1729 1422 1928 1470; x_wconf 85' lang='lat' dir='ltr'>valeant,</span> 
     </span>
     <span class='ocr_line' id='line_1_16' title="bbox 233 1492 1983 1548; baseline 0 -14"><span class='ocrx_word' id='word_1_108' title='bbox 233 1493 399 1534; x_wconf 89' lang='lat' dir='ltr'>totales</span> <span class='ocrx_word' id='word_1_109' title='bbox 451 1497 496 1534; x_wconf 89' lang='lat' dir='ltr'>et</span> <span class='ocrx_word' id='word_1_110' title='bbox 549 1492 748 1547; x_wconf 91' lang='lat' dir='ltr'>integras</span> <span class='ocrx_word' id='word_1_111' title='bbox 801 1492 998 1534; x_wconf 89' lang='lat' dir='ltr'>decimas</span> <span class='ocrx_word' id='word_1_112' title='bbox 1051 1492 1344 1548; x_wconf 86' lang='lat' dir='ltr'>possessionis</span> <span class='ocrx_word' id='word_1_113' title='bbox 1396 1497 1578 1534; x_wconf 90' lang='lat' dir='ltr'>nostrae</span> <span class='ocrx_word' id='word_1_114' title='bbox 1620 1493 1756 1534; x_wconf 80' lang='lat' dir='ltr'>Mako</span> <span class='ocrx_word' id='word_1_115' title='bbox 1798 1506 1931 1534; x_wconf 84' lang='lat' dir='ltr'>voca-</span> <span class='ocrx_word' id='word_1_116' title='bbox 1946 1500 1983 1528; x_wconf 81' lang='lat'>15</span> 
     </span>
     <span class='ocr_line' id='line_1_17' title="bbox 234 1562 1929 1618; baseline -0.001 -13"><span class='ocrx_word' id='word_1_117' title='bbox 234 1567 321 1612; x_wconf 85' lang='lat' dir='ltr'>tae,</span> <span class='ocrx_word' id='word_1_118' title='bbox 352 1563 399 1605; x_wconf 90' lang='lat' dir='ltr'>in</span> <span class='ocrx_word' id='word_1_119' title='bbox 428 1563 651 1605; x_wconf 90' lang='lat' dir='ltr'>comitatu</span> <span class='ocrx_word' id='word_1_120' title='bbox 691 1562 933 1605; x_wconf 89' lang='lat' dir='ltr'>Colosiensi</span> <span class='ocrx_word' id='word_1_121' title='bbox 967 1563 1203 1605; x_wconf 83' lang='lat' dir='ltr'>existentis</span> <span class='ocrx_word' id='word_1_122' title='bbox 1225 1562 1422 1612; x_wconf 88' lang='lat' dir='ltr'>habitas,</span> <span class='ocrx_word' id='word_1_123' title='bbox 1443 1567 1614 1618; x_wconf 88' lang='lat' dir='ltr'>utputa</span> <span class='ocrx_word' id='word_1_124' title='bbox 1635 1562 1742 1611; x_wconf 88' lang='lat' dir='ltr'>vini,</span> <span class='ocrx_word' id='word_1_125' title='bbox 1776 1562 1929 1612; x_wconf 90' lang='lat' dir='ltr'>tritici,</span> 
     </span>
     <span class='ocr_line' id='line_1_18' title="bbox 234 1633 1931 1689; baseline 0.001 -14"><span class='ocrx_word' id='word_1_126' title='bbox 234 1633 433 1688; x_wconf 84' lang='lat' dir='ltr'>siliginis,</span> <span class='ocrx_word' id='word_1_127' title='bbox 470 1633 640 1682; x_wconf 88' lang='lat' dir='ltr'>hordei,</span> <span class='ocrx_word' id='word_1_128' title='bbox 677 1647 862 1682; x_wconf 80' lang='lat' dir='ltr'>avenae,</span> <span class='ocrx_word' id='word_1_129' title='bbox 900 1633 1011 1675; x_wconf 91' lang='lat' dir='ltr'>milii</span> <span class='ocrx_word' id='word_1_130' title='bbox 1049 1633 1330 1689; x_wconf 91' lang='lat' dir='ltr'>aliorumque</span> <span class='ocrx_word' id='word_1_131' title='bbox 1372 1633 1612 1675; x_wconf 88' lang='lat' dir='ltr'>bladorum</span> <span class='ocrx_word' id='word_1_132' title='bbox 1653 1637 1698 1674; x_wconf 92' lang='lat' dir='ltr'>et</span> <span class='ocrx_word' id='word_1_133' title='bbox 1740 1633 1931 1676; x_wconf 87' lang='lat' dir='ltr'>semina-</span> 
     </span>
     <span class='ocr_line' id='line_1_19' title="bbox 234 1702 1931 1759; baseline 0.001 -15"><span class='ocrx_word' id='word_1_134' title='bbox 234 1708 454 1753; x_wconf 88' lang='lat' dir='ltr'>turarum,</span> <span class='ocrx_word' id='word_1_135' title='bbox 488 1718 540 1746; x_wconf 88' lang='lat' dir='ltr'>ac</span> <span class='ocrx_word' id='word_1_136' title='bbox 572 1709 717 1746; x_wconf 91' lang='lat' dir='ltr'>terrae</span> <span class='ocrx_word' id='word_1_137' title='bbox 748 1704 1047 1753; x_wconf 90' lang='lat' dir='ltr'>nascentium,</span> <span class='ocrx_word' id='word_1_138' title='bbox 1085 1704 1195 1746; x_wconf 88' lang='lat' dir='ltr'>item</span> <span class='ocrx_word' id='word_1_139' title='bbox 1219 1717 1453 1759; x_wconf 88' lang='lat' dir='ltr'>agnorum,</span> <span class='ocrx_word' id='word_1_140' title='bbox 1474 1717 1627 1759; x_wconf 92' lang='lat' dir='ltr'>apum,</span> <span class='ocrx_word' id='word_1_141' title='bbox 1649 1702 1931 1759; x_wconf 89' lang='lat' dir='ltr'>aliarumque</span> 
     </span>
     <span class='ocr_line' id='line_1_20' title="bbox 232 1773 1930 1830; baseline -0.001 -14"><span class='ocrx_word' id='word_1_142' title='bbox 232 1774 547 1816; x_wconf 86' lang='lat' dir='ltr'>universarum</span> <span class='ocrx_word' id='word_1_143' title='bbox 567 1788 715 1816; x_wconf 90' lang='lat' dir='ltr'>rerum</span> <span class='ocrx_word' id='word_1_144' title='bbox 735 1774 781 1816; x_wconf 91' lang='lat' dir='ltr'>in</span> <span class='ocrx_word' id='word_1_145' title='bbox 801 1775 959 1816; x_wconf 89' lang='lat' dir='ltr'>eadem</span> <span class='ocrx_word' id='word_1_146' title='bbox 980 1774 1260 1830; x_wconf 89' lang='lat' dir='ltr'>possessione</span> <span class='ocrx_word' id='word_1_147' title='bbox 1280 1775 1430 1823; x_wconf 80' lang='lat' dir='ltr'>Mako,</span> <span class='ocrx_word' id='word_1_148' title='bbox 1449 1773 1697 1829; x_wconf 90' lang='lat' dir='ltr'>quotannis</span> <span class='ocrx_word' id='word_1_149' title='bbox 1717 1773 1930 1815; x_wconf 91' lang='lat' dir='ltr'>decimari</span> 
     </span>
     <span class='ocr_line' id='line_1_21' title="bbox 231 1844 1984 1900; baseline 0.001 -15"><span class='ocrx_word' id='word_1_150' title='bbox 231 1844 466 1887; x_wconf 86' lang='lat' dir='ltr'>solitarum</span> <span class='ocrx_word' id='word_1_151' title='bbox 491 1846 662 1900; x_wconf 90' lang='lat' dir='ltr'>absque</span> <span class='ocrx_word' id='word_1_152' title='bbox 685 1845 777 1886; x_wconf 91' lang='lat' dir='ltr'>ulla</span> <span class='ocrx_word' id='word_1_153' title='bbox 801 1845 996 1887; x_wconf 90' lang='lat' dir='ltr'>arendae</span> <span class='ocrx_word' id='word_1_154' title='bbox 1020 1845 1244 1887; x_wconf 91' lang='lat' dir='ltr'>solutione</span> <span class='ocrx_word' id='word_1_155' title='bbox 1269 1844 1327 1886; x_wconf 91' lang='lat' dir='ltr'>ad</span> <span class='ocrx_word' id='word_1_156' title='bbox 1351 1844 1734 1886; x_wconf 87' lang='lat' dir='ltr'>sustentationem</span> <span class='ocrx_word' id='word_1_157' title='bbox 1759 1844 1930 1887; x_wconf 92' lang='lat' dir='ltr'>studio·</span> <span class='ocrx_word' id='word_1_158' title='bbox 1946 1854 1984 1882; x_wconf 86' lang='lat'>2⁰</span> 
     </span>
     <span class='ocr_line' id='line_1_22' title="bbox 230 1915 1932 1971; baseline 0 -14"><span class='ocrx_word' id='word_1_159' title='bbox 230 1929 383 1957; x_wconf 89' lang='lat' dir='ltr'>sorum</span> <span class='ocrx_word' id='word_1_160' title='bbox 423 1915 666 1958; x_wconf 89' lang='lat' dir='ltr'>clementer</span> <span class='ocrx_word' id='word_1_161' title='bbox 704 1915 750 1956; x_wconf 93' lang='lat' dir='ltr'>in</span> <span class='ocrx_word' id='word_1_162' title='bbox 790 1921 1063 1971; x_wconf 89' lang='lat' dir='ltr'>perpetuum</span> <span class='ocrx_word' id='word_1_163' title='bbox 1103 1915 1383 1964; x_wconf 90' lang='lat' dir='ltr'>donandum,</span> <span class='ocrx_word' id='word_1_164' title='bbox 1426 1915 1751 1971; x_wconf 88' lang='lat' dir='ltr'>applicandum</span> <span class='ocrx_word' id='word_1_165' title='bbox 1792 1920 1932 1971; x_wconf 90' lang='lat' dir='ltr'>atque</span> 
     </span>
     <span class='ocr_line' id='line_1_23' title="bbox 231 1985 1932 2041; baseline 0 -14"><span class='ocrx_word' id='word_1_166' title='bbox 231 1985 553 2028; x_wconf 83' lang='lat' dir='ltr'>conferendum</span> <span class='ocrx_word' id='word_1_167' title='bbox 585 1986 826 2028; x_wconf 88' lang='lat' dir='ltr'>duximus:</span> <span class='ocrx_word' id='word_1_168' title='bbox 863 1987 962 2028; x_wconf 92' lang='lat' dir='ltr'>Imo</span> <span class='ocrx_word' id='word_1_169' title='bbox 994 1986 1232 2035; x_wconf 90' lang='lat' dir='ltr'>donamus,</span> <span class='ocrx_word' id='word_1_170' title='bbox 1266 1986 1550 2041; x_wconf 86' lang='lat' dir='ltr'>applicamus</span> <span class='ocrx_word' id='word_1_171' title='bbox 1581 1990 1626 2028; x_wconf 91' lang='lat' dir='ltr'>et</span> <span class='ocrx_word' id='word_1_172' title='bbox 1658 1986 1932 2028; x_wconf 80' lang='lat' dir='ltr'>conferimus</span> 
     </span>
     <span class='ocr_line' id='line_1_24' title="bbox 231 2056 1931 2113; baseline 0.001 -16"><span class='ocrx_word' id='word_1_173' title='bbox 231 2057 537 2111; x_wconf 90' lang='lat' dir='ltr'>praesentium</span> <span class='ocrx_word' id='word_1_174' title='bbox 556 2071 635 2112; x_wconf 93' lang='lat' dir='ltr'>per</span> <span class='ocrx_word' id='word_1_175' title='bbox 654 2056 867 2111; x_wconf 81' lang='lat' dir='ltr'>vigorem,</span> <span class='ocrx_word' id='word_1_176' title='bbox 889 2057 967 2106; x_wconf 90' lang='lat' dir='ltr'>ita,</span> <span class='ocrx_word' id='word_1_177' title='bbox 989 2062 1041 2098; x_wconf 93' lang='lat' dir='ltr'>ut</span> <span class='ocrx_word' id='word_1_178' title='bbox 1061 2056 1309 2113; x_wconf 87' lang='lat' dir='ltr'>quotannis</span> <span class='ocrx_word' id='word_1_179' title='bbox 1327 2057 1476 2098; x_wconf 89' lang='lat' dir='ltr'>senior</span> <span class='ocrx_word' id='word_1_180' title='bbox 1493 2056 1740 2099; x_wconf 90' lang='lat' dir='ltr'>eorundem</span> <span class='ocrx_word' id='word_1_181' title='bbox 1759 2056 1931 2098; x_wconf 90' lang='lat' dir='ltr'>studio-</span> 
     </span>
     <span class='ocr_line' id='line_1_25' title="bbox 230 2127 1930 2182; baseline 0.001 -15"><span class='ocrx_word' id='word_1_182' title='bbox 230 2140 382 2168; x_wconf 91' lang='lat' dir='ltr'>sorum</span> <span class='ocrx_word' id='word_1_183' title='bbox 413 2127 472 2168; x_wconf 93' lang='lat' dir='ltr'>ad</span> <span class='ocrx_word' id='word_1_184' title='bbox 503 2127 550 2168; x_wconf 92' lang='lat' dir='ltr'>id</span> <span class='ocrx_word' id='word_1_185' title='bbox 581 2127 844 2182; x_wconf 89' lang='lat' dir='ltr'>deputatus,</span> <span class='ocrx_word' id='word_1_186' title='bbox 896 2127 1274 2169; x_wconf 90' lang='lat' dir='ltr'>accumulationis</span> <span class='ocrx_word' id='word_1_187' title='bbox 1305 2127 1584 2169; x_wconf 89' lang='lat' dir='ltr'>decimarum</span> <span class='ocrx_word' id='word_1_188' title='bbox 1616 2141 1771 2169; x_wconf 91' lang='lat' dir='ltr'>curam</span> <span class='ocrx_word' id='word_1_189' title='bbox 1803 2131 1930 2182; x_wconf 85' lang='lat' dir='ltr'>gerat</span> 
     </span>
     <span class='ocr_line' id='line_1_26' title="bbox 230 2197 1982 2252; baseline -0.001 -14"><span class='ocrx_word' id='word_1_190' title='bbox 230 2201 274 2238; x_wconf 86' lang='lat' dir='ltr'>et</span> <span class='ocrx_word' id='word_1_191' title='bbox 299 2197 511 2252; x_wconf 89' lang='lat' dir='ltr'>disponat</span> <span class='ocrx_word' id='word_1_192' title='bbox 537 2198 591 2239; x_wconf 90' lang='lat' dir='ltr'>de</span> <span class='ocrx_word' id='word_1_193' title='bbox 615 2198 933 2240; x_wconf 88' lang='lat' dir='ltr'>emolumentis</span> <span class='ocrx_word' id='word_1_194' title='bbox 956 2198 1158 2240; x_wconf 90' lang='lat' dir='ltr'>eiusdem</span> <span class='ocrx_word' id='word_1_195' title='bbox 1182 2198 1382 2240; x_wconf 91' lang='lat' dir='ltr'>decimae</span> <span class='ocrx_word' id='word_1_196' title='bbox 1406 2197 1537 2240; x_wconf 87' lang='lat' dir='ltr'>iuxta</span> <span class='ocrx_word' id='word_1_197' title='bbox 1560 2197 1982 2240; x_wconf 80' lang='lat' dir='ltr'>informationem25</span> 
     </span>
     <span class='ocr_line' id='line_1_27' title="bbox 230 2266 1930 2324; baseline 0.001 -17"><span class='ocrx_word' id='word_1_198' title='bbox 230 2266 313 2308; x_wconf 81' lang='lat' dir='ltr'>sibi</span> <span class='ocrx_word' id='word_1_199' title='bbox 341 2267 520 2316; x_wconf 88' lang='lat' dir='ltr'>datam.</span> <span class='ocrx_word' id='word_1_200' title='bbox 568 2268 788 2324; x_wconf 77' lang='lat' dir='ltr'>Quocirca</span> <span class='ocrx_word' id='word_1_201' title='bbox 823 2269 954 2310; x_wconf 90' lang='lat' dir='ltr'>vobis</span> <span class='ocrx_word' id='word_1_202' title='bbox 990 2269 1188 2324; x_wconf 87' lang='lat' dir='ltr'>egregiis,</span> <span class='ocrx_word' id='word_1_203' title='bbox 1233 2269 1462 2310; x_wconf 90' lang='lat' dir='ltr'>nobilibus</span> <span class='ocrx_word' id='word_1_204' title='bbox 1498 2268 1682 2310; x_wconf 90' lang='lat' dir='ltr'>domino</span> <span class='ocrx_word' id='word_1_205' title='bbox 1719 2268 1930 2310; x_wconf 90' lang='lat' dir='ltr'>Ladislao</span> 
     </span>
     <span class='ocr_line' id='line_1_28' title="bbox 231 2338 1926 2388; baseline 0.001 -9"><span class='ocrx_word' id='word_1_206' title='bbox 231 2338 435 2380; x_wconf 82' lang='lat' dir='ltr'>Sombori</span> <span class='ocrx_word' id='word_1_207' title='bbox 500 2338 759 2381; x_wconf 89' lang='lat' dir='ltr'>arendatori</span> <span class='ocrx_word' id='word_1_208' title='bbox 810 2339 1088 2382; x_wconf 91' lang='lat' dir='ltr'>decimarum</span> <span class='ocrx_word' id='word_1_209' title='bbox 1138 2344 1398 2382; x_wconf 90' lang='lat' dir='ltr'>nostrarum</span> <span class='ocrx_word' id='word_1_210' title='bbox 1448 2339 1926 2388; x_wconf 89' lang='lat' dir='ltr'>Transilvaniensium‚</span> 
     </span>
     <span class='ocr_line' id='line_1_29' title="bbox 231 2407 1930 2459; baseline 0.001 -11"><span class='ocrx_word' id='word_1_211' title='bbox 231 2407 339 2449; x_wconf 91' lang='lat' dir='ltr'>item</span> <span class='ocrx_word' id='word_1_212' title='bbox 363 2409 715 2451; x_wconf 90' lang='lat' dir='ltr'>decimatoribus</span> <span class='ocrx_word' id='word_1_213' title='bbox 738 2409 847 2452; x_wconf 90' lang='lat' dir='ltr'>dicti</span> <span class='ocrx_word' id='word_1_214' title='bbox 871 2410 1117 2452; x_wconf 89' lang='lat' dir='ltr'>comitatus</span> <span class='ocrx_word' id='word_1_215' title='bbox 1141 2410 1421 2459; x_wconf 88' lang='lat' dir='ltr'>Colosiensis,</span> <span class='ocrx_word' id='word_1_216' title='bbox 1446 2409 1674 2451; x_wconf 91' lang='lat' dir='ltr'>modernis</span> <span class='ocrx_word' id='word_1_217' title='bbox 1695 2415 1740 2451; x_wconf 89' lang='lat' dir='ltr'>et</span> <span class='ocrx_word' id='word_1_218' title='bbox 1765 2409 1930 2451; x_wconf 79' lang='lat' dir='ltr'>futuris</span> 
     </span>
     <span class='ocr_line' id='line_1_30' title="bbox 231 2480 1929 2532; baseline 0.001 -13"><span class='ocrx_word' id='word_1_219' title='bbox 231 2480 535 2532; x_wconf 88' lang='lat' dir='ltr'>praesentium</span> <span class='ocrx_word' id='word_1_220' title='bbox 561 2480 775 2522; x_wconf 89' lang='lat' dir='ltr'>notitiam</span> <span class='ocrx_word' id='word_1_221' title='bbox 800 2480 1026 2523; x_wconf 89' lang='lat' dir='ltr'>habituris</span> <span class='ocrx_word' id='word_1_222' title='bbox 1050 2482 1213 2523; x_wconf 90' lang='lat' dir='ltr'>harum</span> <span class='ocrx_word' id='word_1_223' title='bbox 1239 2480 1350 2523; x_wconf 90' lang='lat' dir='ltr'>serie</span> <span class='ocrx_word' id='word_1_224' title='bbox 1375 2480 1706 2522; x_wconf 90' lang='lat' dir='ltr'>committimus</span> <span class='ocrx_word' id='word_1_225' title='bbox 1731 2484 1776 2521; x_wconf 91' lang='lat' dir='ltr'>et</span> <span class='ocrx_word' id='word_1_226' title='bbox 1803 2494 1929 2522; x_wconf 90' lang='lat' dir='ltr'>man-</span> 
     </span>
     <span class='ocr_line' id='line_1_31' title="bbox 231 2547 1982 2607; baseline 0 -18"><span class='ocrx_word' id='word_1_227' title='bbox 231 2547 391 2590; x_wconf 91' lang='lat' dir='ltr'>damus</span> <span class='ocrx_word' id='word_1_228' title='bbox 416 2550 617 2599; x_wconf 88' lang='lat' dir='ltr'>firmiter,</span> <span class='ocrx_word' id='word_1_229' title='bbox 645 2555 697 2592; x_wconf 92' lang='lat' dir='ltr'>ut</span> <span class='ocrx_word' id='word_1_230' title='bbox 723 2565 805 2593; x_wconf 90' lang='lat' dir='ltr'>vos</span> <span class='ocrx_word' id='word_1_231' title='bbox 831 2565 1013 2607; x_wconf 93' lang='lat' dir='ltr'>quoque</span> <span class='ocrx_word' id='word_1_232' title='bbox 1039 2551 1185 2594; x_wconf 91' lang='lat' dir='ltr'>dictas</span> <span class='ocrx_word' id='word_1_233' title='bbox 1210 2551 1446 2593; x_wconf 88' lang='lat' dir='ltr'>universas</span> <span class='ocrx_word' id='word_1_234' title='bbox 1471 2550 1669 2593; x_wconf 88' lang='lat' dir='ltr'>decimas</span> <span class='ocrx_word' id='word_1_235' title='bbox 1694 2550 1928 2606; x_wconf 77' lang='lat' dir='ltr'>praefatae</span> <span class='ocrx_word' id='word_1_236' title='bbox 1942 2561 1982 2589; x_wconf 86' lang='lat'>30</span> 
     </span>
     <span class='ocr_line' id='line_1_32' title="bbox 231 2619 1928 2676; baseline 0.002 -18"><span class='ocrx_word' id='word_1_237' title='bbox 231 2619 521 2672; x_wconf 88' lang='lat' dir='ltr'>possessionis</span> <span class='ocrx_word' id='word_1_238' title='bbox 562 2622 711 2670; x_wconf 80' lang='lat' dir='ltr'>Mako,</span> <span class='ocrx_word' id='word_1_239' title='bbox 755 2621 917 2664; x_wconf 91' lang='lat' dir='ltr'>seniori</span> <span class='ocrx_word' id='word_1_240' title='bbox 958 2622 1266 2664; x_wconf 90' lang='lat' dir='ltr'>studiosorum</span> <span class='ocrx_word' id='word_1_241' title='bbox 1308 2620 1715 2664; x_wconf 89' lang='lat' dir='ltr'>Colosvariensium</span> <span class='ocrx_word' id='word_1_242' title='bbox 1756 2621 1928 2676; x_wconf 91' lang='lat' dir='ltr'>absque</span> 
     </span>
     <span class='ocr_line' id='line_1_33' title="bbox 231 2688 1928 2748; baseline 0.002 -20"><span class='ocrx_word' id='word_1_243' title='bbox 231 2688 321 2729; x_wconf 92' lang='lat' dir='ltr'>ulla</span> <span class='ocrx_word' id='word_1_244' title='bbox 363 2690 555 2732; x_wconf 84' lang='lat' dir='ltr'>arendae</span> <span class='ocrx_word' id='word_1_245' title='bbox 598 2691 820 2734; x_wconf 89' lang='lat' dir='ltr'>solutione</span> <span class='ocrx_word' id='word_1_246' title='bbox 862 2698 1082 2748; x_wconf 91' lang='lat' dir='ltr'>perpetuo</span> <span class='ocrx_word' id='word_1_247' title='bbox 1124 2692 1223 2742; x_wconf 92' lang='lat' dir='ltr'>illis,</span> <span class='ocrx_word' id='word_1_248' title='bbox 1267 2706 1462 2748; x_wconf 93' lang='lat' dir='ltr'>quorum</span> <span class='ocrx_word' id='word_1_249' title='bbox 1523 2705 1656 2733; x_wconf 89' lang='lat' dir='ltr'>curae</span> <span class='ocrx_word' id='word_1_250' title='bbox 1698 2691 1928 2746; x_wconf 91' lang='lat' dir='ltr'>perceptio</span> 
     </span>
     <span class='ocr_line' id='line_1_34' title="bbox 231 2760 1925 2819; baseline 0.002 -20"><span class='ocrx_word' id='word_1_251' title='bbox 231 2772 385 2800; x_wconf 87' lang='lat' dir='ltr'>earum</span> <span class='ocrx_word' id='word_1_252' title='bbox 413 2760 689 2803; x_wconf 89' lang='lat' dir='ltr'>demandata</span> <span class='ocrx_word' id='word_1_253' title='bbox 716 2762 864 2812; x_wconf 77' lang='lat' dir='ltr'>fuerit,</span> <span class='ocrx_word' id='word_1_254' title='bbox 893 2763 1045 2812; x_wconf 92' lang='lat' dir='ltr'>libere,</span> <span class='ocrx_word' id='word_1_255' title='bbox 1073 2763 1273 2819; x_wconf 89' lang='lat' dir='ltr'>pacifice,</span> <span class='ocrx_word' id='word_1_256' title='bbox 1301 2762 1528 2818; x_wconf 87' lang='lat' dir='ltr'>percipere</span> <span class='ocrx_word' id='word_1_257' title='bbox 1554 2767 1599 2803; x_wconf 92' lang='lat' dir='ltr'>et</span> <span class='ocrx_word' id='word_1_258' title='bbox 1627 2761 1925 2810; x_wconf 86' lang='lat' dir='ltr'>accumulare,</span> 
     </span>
     <span class='ocr_line' id='line_1_35' title="bbox 231 2828 1924 2886; baseline 0.002 -17"><span class='ocrx_word' id='word_1_259' title='bbox 231 2828 491 2883; x_wconf 89' lang='lat' dir='ltr'>permittere</span> <span class='ocrx_word' id='word_1_260' title='bbox 508 2836 551 2872; x_wconf 86' lang='lat' dir='ltr'>et</span> <span class='ocrx_word' id='word_1_261' title='bbox 568 2832 771 2886; x_wconf 82' lang='lat' dir='ltr'>permitti</span> <span class='ocrx_word' id='word_1_262' title='bbox 794 2832 938 2876; x_wconf 80' lang='lat' dir='ltr'>facere</span> <span class='ocrx_word' id='word_1_263' title='bbox 960 2834 1107 2876; x_wconf 88' lang='lat' dir='ltr'>modis</span> <span class='ocrx_word' id='word_1_264' title='bbox 1131 2833 1342 2876; x_wconf 90' lang='lat' dir='ltr'>omnibus</span> <span class='ocrx_word' id='word_1_265' title='bbox 1367 2832 1570 2874; x_wconf 90' lang='lat' dir='ltr'>debeatis</span> <span class='ocrx_word' id='word_1_266' title='bbox 1594 2836 1639 2873; x_wconf 87' lang='lat' dir='ltr'>et</span> <span class='ocrx_word' id='word_1_267' title='bbox 1665 2831 1924 2873; x_wconf 89' lang='lat' dir='ltr'>teneamini.</span> 
     </span>
     <span class='ocr_line' id='line_1_36' title="bbox 232 2899 1980 2960; baseline 0.001 -20"><span class='ocrx_word' id='word_1_268' title='bbox 232 2899 367 2941; x_wconf 84' lang='lat' dir='ltr'>Secus</span> <span class='ocrx_word' id='word_1_269' title='bbox 394 2914 483 2941; x_wconf 92' lang='lat' dir='ltr'>non</span> <span class='ocrx_word' id='word_1_270' title='bbox 510 2901 686 2943; x_wconf 76' lang='lat' dir='ltr'>facturi.</span> <span class='ocrx_word' id='word_1_271' title='bbox 718 2903 1036 2946; x_wconf 89' lang='lat' dir='ltr'>Praesentibus</span> <span class='ocrx_word' id='word_1_272' title='bbox 1062 2904 1284 2960; x_wconf 88' lang='lat' dir='ltr'>perlectis,</span> <span class='ocrx_word' id='word_1_273' title='bbox 1312 2902 1546 2945; x_wconf 87' lang='lat' dir='ltr'>exhibenti</span> <span class='ocrx_word' id='word_1_274' title='bbox 1571 2902 1807 2944; x_wconf 90' lang='lat' dir='ltr'>restitutis.</span> <span class='ocrx_word' id='word_1_275' title='bbox 1941 2913 1980 2941; x_wconf 79' lang='lat'>35</span> 
     </span>
    </p>

    <p class='ocr_par' dir='ltr' id='par_1_5' title="bbox 347 2970 1923 3029">
     <span class='ocr_line' id='line_1_37' title="bbox 347 2970 1923 3029; baseline 0.003 -18"><span class='ocrx_word' id='word_1_276' title='bbox 347 2970 521 3012; x_wconf 87' lang='lat' dir='ltr'>Datum</span> <span class='ocrx_word' id='word_1_277' title='bbox 552 2972 694 3014; x_wconf 87' lang='lat' dir='ltr'>Albae</span> <span class='ocrx_word' id='word_1_278' title='bbox 727 2973 888 3026; x_wconf 92' lang='lat' dir='ltr'>Juliae‚</span> <span class='ocrx_word' id='word_1_279' title='bbox 923 2975 962 3018; x_wconf 89' lang='lat'>8.</span> <span class='ocrx_word' id='word_1_280' title='bbox 997 2975 1069 3016; x_wconf 92' lang='lat' dir='ltr'>die</span> <span class='ocrx_word' id='word_1_281' title='bbox 1099 2974 1266 3016; x_wconf 88' lang='lat' dir='ltr'>mensis</span> <span class='ocrx_word' id='word_1_282' title='bbox 1287 2973 1411 3029; x_wconf 90' lang='lat' dir='ltr'>Julii.</span> <span class='ocrx_word' id='word_1_283' title='bbox 1436 2975 1569 3016; x_wconf 92' lang='lat' dir='ltr'>Anno</span> <span class='ocrx_word' id='word_1_284' title='bbox 1591 2972 1776 3015; x_wconf 88' lang='lat' dir='ltr'>Domini</span> <span class='ocrx_word' id='word_1_285' title='bbox 1799 2973 1923 3026; x_wconf 87' lang='lat'>1580.</span> 
     </span>
    </p>

    <p class='ocr_par' dir='ltr' id='par_1_6' title="bbox 347 3040 1368 3101">
     <span class='ocr_line' id='line_1_38' title="bbox 347 3040 1368 3101; baseline 0.006 -20"><span class='ocrx_word' id='word_1_286' title='bbox 347 3040 696 3096; x_wconf 88' lang='lat' dir='ltr'>Christophorus</span> <span class='ocrx_word' id='word_1_287' title='bbox 727 3043 917 3086; x_wconf 89' lang='lat' dir='ltr'>Bathori</span> <span class='ocrx_word' id='word_1_288' title='bbox 949 3045 1004 3087; x_wconf 94' lang='lat' dir='ltr'>de</span> <span class='ocrx_word' id='word_1_289' title='bbox 1038 3045 1222 3101; x_wconf 83' lang='lat' dir='ltr'>Somlyo</span> <span class='ocrx_word' id='word_1_290' title='bbox 1253 3058 1368 3100; x_wconf 90' lang='lat' dir='ltr'>mpr.</span> 
     </span>
    </p>
   </div>
   <div class='ocr_carea' id='block_1_5' title="bbox 283 3152 1876 3200">
    <p class='ocr_par' dir='ltr' id='par_1_7' title="bbox 283 3152 1876 3200">
     <span class='ocr_line' id='line_1_39' title="bbox 283 3152 1876 3200; baseline 0.002 -15"><span class='ocrx_word' id='word_1_291' title='bbox 283 3152 474 3194; x_wconf 88' lang='lat' dir='ltr'>(Eredeti,</span> <span class='ocrx_word' id='word_1_292' title='bbox 501 3152 549 3189; x_wconf 91' lang='grc' dir='ltr'>Ο.</span> <span class='ocrx_word' id='word_1_293' title='bbox 575 3153 597 3186; x_wconf 93' lang='grc'>1.</span> <span class='ocrx_word' id='word_1_294' title='bbox 626 3153 787 3200; x_wconf 81' lang='lat' dir='ltr'>Erdelyi</span> <span class='ocrx_word' id='word_1_295' title='bbox 811 3155 959 3191; x_wconf 75' lang='lat' dir='ltr'>fiskalis</span> <span class='ocrx_word' id='word_1_296' title='bbox 984 3156 1178 3191; x_wconf 78' lang='lat' dir='ltr'>leveltara</span> <span class='ocrx_word' id='word_1_297' title='bbox 1204 3155 1343 3190; x_wconf 91' lang='lat' dir='ltr'>XXII.</span> <span class='ocrx_word' id='word_1_298' title='bbox 1370 3154 1575 3200; x_wconf 78' lang='lat' dir='ltr'>szekreny,</span> <span class='ocrx_word' id='word_1_299' title='bbox 1600 3154 1646 3188; x_wconf 84' lang='lat' dir='ltr'>A.</span> <span class='ocrx_word' id='word_1_300' title='bbox 1673 3154 1769 3189; x_wconf 79' lang='lat' dir='ltr'>fasc.</span> <span class='ocrx_word' id='word_1_301' title='bbox 1795 3155 1876 3198; x_wconf 87' lang='lat'>47.)</span> 
     </span>
    </p>
   </div>
  </div>
 </body>
</html>
