2188 3535
347 199 450 235 VIII

343 313 431 354 iras
482 311 796 366 szomjuhozza
847 323 874 350 a
926 308 1145 363 megnyilt

343 383 591 425 leveltarak
630 381 675 435 fij
718 380 916 433 anyagat
956 392 977 419 s
1016 391 1044 419 a
1082 378 1146 433 jol

343 453 633 494 szerkesztett
686 448 900 492 torteneti
951 448 1147 490 oklevel-

345 523 526 564 tarakat
549 523 558 564 1

403 625 692 668 Vallalatunk
709 625 786 679 igy
803 624 1009 678 egyesek‚
1028 623 1148 667 isko-

342 724 430 774 leik,
473 722 731 765 kolostorok
770 722 816 764 es
855 723 1147 778 konyvtarak

343 824 623 880 partfogasat
655 823 749 864 keri
781 823 1039 866 elsosorban
1070 839 1091 866 s
1123 839 1146 867 e

344 925 575 980 partfogas
619 925 882 979 aranyaban
928 925 994 968 ke‘t
1037 940 1148 982 vagy

342 1026 492 1068 ha‘rom
518 1026 625 1067 ko'tet
650 1025 724 1081 sog
748 1026 893 1067 benne
921 1025 1147 1068 evenkent

345 1126 626 1182 megjelenni‚
672 1127 792 1182 hogy
836 1126 971 1168 minel
1017 1126 1149 1169 e16bb

344 1227 630 1268 kozkincscse
666 1226 818 1281 valjek
853 1240 906 1268 az
940 1240 994 1269 az
1030 1230 1152 1269 &iven

345 1328 536 1383 kbtetnyi
566 1329 737 1384 gazdag
770 1341 933 1384 anyag,
970 1328 1091 1383 mely
1124 1342 1151 1370 a

344 1429 801 1485 tortenettudomany
834 1443 955 1485 nagy
987 1429 1151 1471 karara

348 1529 462 1570 evek
489 1530 565 1571 ota
592 1530 727 1571 hever
753 1529 1037 1572 kiadatlanul
1059 1530 1067 1572 !

405 1653 699 1695 Vallalatunk
734 1653 854 1708 sajto
889 1653 962 1695 ala
997 1653 1155 1696 rende-

347 1724 535 1766 ze‘seben
577 1726 739 1767 azokat
782 1739 835 1767 az
878 1725 1155 1768 okleveltani

347 1795 524 1836 elveket
571 1795 806 1850 kovetjiik,
855 1795 1080 1851 melyeket
1128 1810 1155 1838 a

346 1866 603 1920 tudomany
615 1866 706 1922 ugy
718 1880 745 1908 a
758 1867 1014 1922 kozepkori,
1037 1867 1153 1910 mint

347 1949 400 1977 az
458 1936 700 1991 ujabbkori
758 1937 1156 1981 oklevelkiadasok

346 2008 552 2049 szamara
608 2008 978 2052 zsinormerte'kiil
1035 2025 1155 2066 meg-

349 2078 581 2133 allapitott
643 2093 664 2121 s
727 2081 903 2136 melyek
965 2082 1155 2124 hasonlo

350 2149 879 2205 forraskiadvanyokban
905 2152 1068 2194 immar
1094 2152 1156 2194 al-

348 2220 585 2263 talanosan
636 2222 930 2265 kotelezc'ikke
981 2223 1155 2267 valtak.

350 2290 433 2345 Igy
471 2293 816 2335 termeszetesen
856 2293 1158 2349 selvilagosito

349 2360 658 2416 jegyzetekkel
697 2364 900 2419 kiserjiik
937 2379 965 2406 a
1003 2369 1158 2408 szove-

350 2436 438 2485 get,
481 2433 832 2477 hasonmasokat
873 2437 1073 2479 kozliink
1111 2437 1158 2479 es

352 2501 561 2545 kimerito
581 2504 821 2548 indexeket
843 2508 1084 2550 csatolunk
1105 2522 1157 2549 az

354 2584 486 2625 egyes
543 2575 826 2626 k'otetekheZ,
886 2578 1041 2620 illetve
1099 2579 1159 2619 ha

354 2642 627 2698 valamelyik
672 2648 748 2689 mii
791 2649 906 2690 tobb
951 2649 1160 2691 kotetbc'ss

356 2712 428 2760 all,
471 2713 689 2768 legutolso
729 2718 981 2761 kotetehez.
1025 2718 1162 2774 Hogy

356 2783 489 2837 pedig
508 2785 741 2828 koteteink
758 2788 1043 2831 hasznalatat
1063 2790 1161 2831 kiil-

358 2852 615 2895 foldieknek
635 2856 671 2897 is
693 2857 828 2899 minel
848 2858 1019 2902 inkabb
1040 2874 1162 2916 meg-

358 2922 651 2977 konnyitsiik,
706 2941 754 2968 ez
805 2928 1057 2973 indexekbe
1110 2946 1162 2973 az

357 2992 530 3048 idegen‚
542 3009 850 3051 nem-magyar
862 3001 1164 3057 nyelvfihely-

359 3063 406 3104 es
420 3065 746 3119 targyneveket
768 3069 804 3109 is
826 3069 1103 3115 selveszsziik
1117 3074 1164 3115 es

361 3134 607 3189 Atutaljuk.

963 195 1106 232 E16sz6
1134 216 1184 223 —
1212 196 1419 232 Praefatio

1219 322 1311 365 qua
1354 309 1545 352 historia
1587 324 1757 353 novam
1787 311 2039 366 patefacto-

1219 393 1322 421 rum
1366 380 1662 423 archivorum
1710 381 1950 424 materiam
1994 386 2039 425 et

1219 450 1547 505 diplomataria
1588 452 1706 494 bene
1746 456 1934 495 exarata
1972 466 2041 495 ar-

1219 520 1380 563 denter
1408 522 1563 577 cupit!

1279 626 1491 683 Denique
1533 642 1559 670 o
1575 642 1660 683 pus
1702 632 1909 671 nostrum
1950 643 2042 672 mo-

1220 703 1549 740 numentorum
1612 699 1835 754 imprimis
1891 704 2043 755 patro-

1220 767 1390 810 cinium
1444 769 1735 825 singulorum
1789 771 2040 821 doctorum,

1219 839 1493 890 scholarum,
1554 841 1942 884 monasteriorum
1999 846 2042 884 et

1220 909 1607 954 bibliothecarum
1648 912 1843 967 appetit,
1882 917 1926 954 et
1963 926 2044 968 pro

1221 980 1307 1021 hoc
1333 982 1593 1035 patrocinio
1626 983 1790 1038 quovis
1814 997 1935 1025 anno
1961 984 2045 1026 duo

1222 1051 1287 1094 vel
1305 1052 1391 1094 tria
1413 1052 1514 1095 volu
1523 1053 1647 1096 mina
1668 1053 1715 1095 in
1735 1053 1894 1109 volgus
1915 1054 2044 1096 emit-

1223 1125 1394 1172 tentur,
1424 1137 1516 1179 quo
1543 1124 1677 1178 prius
1703 1138 1942 1167 commune
1967 1125 2046 1167 bo-

1224 1207 1336 1235 num
1356 1194 1535 1236 factum
1549 1195 1608 1236 sit
1625 1194 1706 1236 illa
1723 1195 2048 1252 quinquaginta

1224 1264 1502 1308 voluminum
1546 1266 1777 1308 ditissima
1821 1266 2045 1316 materies,

1224 1349 1341 1391 quae
1389 1337 1631 1393 hucusque
1683 1337 1852 1380 damno
1898 1351 2048 1380 rerum

1224 1406 1580 1450 scribendarum
1601 1408 1803 1451 maximo
1823 1408 1915 1450 iam
1935 1408 2049 1450 mul-

1223 1477 1284 1519 tis
1319 1477 1451 1520 annis
1492 1477 1674 1520 inedita
1721 1493 1855 1535 segne
1904 1479 2050 1521 otium

1224 1548 1331 1590 terit
1355 1549 1364 1591 1

1293 1655 1447 1711 Quum
1473 1660 1825 1698 monumentum
1843 1660 2050 1699 nostrum

1227 1739 1379 1768 rerum
1401 1726 1754 1769 scribendarum
1777 1727 1901 1782 typis
1924 1741 2051 1769 man-

1229 1797 1436 1839 dandum
1454 1797 1739 1847 curavimus,
1761 1811 1836 1840 eas
1854 1798 1901 1840 in
1918 1812 2052 1854 agen-

1229 1868 1287 1910 do
1359 1869 1507 1911 secuti
1581 1883 1765 1911 eramus
1837 1869 2048 1920 rationes,

1228 1953 1346 1995 quae
1385 1953 1412 1982 a
1453 1939 1731 1982 doctissimis
1775 1940 1822 1982 in
1866 1940 2051 1983 edendis

1229 2010 1367 2052 medii
1388 2024 1442 2052 ac
1469 2010 1580 2052 novi
1600 2011 1704 2054 aevi
1725 2011 2051 2067 diplomatibus

1229 2095 1389 2123 norma
1436 2081 1655 2124 habenda
1705 2086 1750 2124 et
1786 2082 1833 2125 in
1866 2083 2052 2139 singulis

1230 2152 1430 2194 fontium
1456 2152 1743 2196 editionibus
1769 2153 1954 2196 omnino
1973 2154 2053 2197 ad-

1231 2223 1432 2266 dicentia
1452 2237 1547 2266 esse
1567 2227 1809 2279 putantur.
1828 2223 1991 2280 Itaque
2005 2228 2049 2266 et

1232 2295 1292 2337 ad
1323 2299 1508 2338 textum
1541 2294 1793 2337 adiecimus
1825 2309 2052 2337 commen-

1231 2366 1402 2408 tarium
1459 2370 1752 2422 perpetuum,
1811 2370 1855 2407 et
1913 2365 2052 2408 etiam

1233 2437 1471 2479 facsimilia
1524 2437 1713 2479 edemus
1769 2440 1813 2478 et
1867 2435 2053 2492 singulis

1231 2508 1542 2550 voluminibus
1604 2507 1777 2549 indices
1840 2506 2056 2563 adiunge-

1233 2593 1335 2621 mus
1393 2578 1778 2627 accuratissimos,
1836 2577 2052 2633 alioquin,

1233 2650 1269 2692 si
1313 2664 1426 2705 opus
1471 2649 1709 2705 quoddam
1752 2648 1884 2703 plura
1926 2649 2053 2691 volu-

1235 2720 1360 2762 mina
1380 2720 1426 2762 in
1446 2734 1493 2761 se
1514 2719 1789 2768 contineret,
1812 2732 1968 2761 eorum
1988 2719 2054 2761 ul-

1236 2791 1363 2833 timo.
1402 2791 1465 2833 Ut
1501 2795 1660 2832 autem
1694 2804 1829 2832 usum
1861 2790 2054 2832 volumi-

1235 2875 1347 2903 num
1399 2861 1541 2902 etiam
1594 2860 1762 2903 exteris
1815 2860 2052 2902 sublevare

1237 2932 1475 2987 possimus
1510 2931 1558 2973 in
1591 2931 1819 2973 indicibus
1852 2931 2054 2973 locorum

1238 3007 1282 3045 et
1302 3003 1599 3052 obiectorum,
1616 3016 1707 3044 non
1722 3006 1909 3044 tantum
1924 3002 2054 3044 Hun-

1236 3073 1401 3129 garica,
1441 3073 1522 3115 sed
1557 3077 1749 3115 externa
1785 3086 1942 3115 eorum
1976 3086 2056 3114 no-

1237 3144 1361 3186 mina
1395 3143 1778 3186 enumerabimus.
