2188 3535
158 178 248 222 1581
286 186 375 220 aug.
411 178 476 221 22]
926 173 1000 208 No.
1038 176 1084 219 58
1780 175 1849 216 163

154 293 328 336 civibus
358 293 405 335 in
436 293 570 336 vinea
601 308 695 343 sua,
731 308 869 350 quam
899 293 1039 335 habet
1071 291 1118 333 in
1149 295 1304 333 nostro
1337 295 1505 340 monte,
1540 290 1714 333 fructus
1746 305 1850 333 suos

153 364 404 420 collegerat,
434 364 599 420 quibus
627 379 730 406 cum
759 364 962 420 sportula
988 377 1080 404 non
1108 367 1223 404 esset
1251 362 1452 418 impleta,
1483 361 1656 417 aliquot
1685 376 1740 403 ex
1768 375 1851 403 sua

152 435 285 477 vinea
315 449 516 477 racemos
547 450 665 478 uvae
712 435 952 491 apposuit:
1003 434 1350 489 comprehensus
1397 438 1464 475 est
1512 447 1538 474 a
1584 432 1850 475 custodibus

152 505 329 556 nostris,
354 506 477 562 quod
499 511 605 548 ante
629 506 825 548 decimas
849 520 964 548 uvas
990 504 1250 546 abstulisset
1271 518 1278 546 1
1308 504 1434 546 venit
1460 504 1533 545 ille
1559 518 1662 546 cum
1688 518 1850 546 munu-

102 595 120 621 5
152 576 283 619 5011115
317 576 376 618 ad
407 582 641 627 rectorem,
676 582 836 632 petens
868 576 1078 626 veniam;
1113 589 1194 631 pro
1227 590 1316 631 quo
1351 575 1489 617 etiam
1522 575 1607 618 viri
1639 573 1850 617 catholici

151 648 383 703 petebant,
407 653 459 690 ut
481 648 694 704 exiguum
715 648 843 690 illum
865 661 1059 689 errorem
1080 646 1356 688 condonaret
1378 660 1386 696 ;
1411 660 1438 688 a
1459 660 1548 701 quo
1569 646 1641 688 ille
1663 659 1851 688 munera

151 718 373 774 suscipere
408 719 554 761 noluit
591 724 636 761 et
672 718 903 761 hominem
939 732 967 760 a
1003 722 1247 773 conspectu
1283 732 1364 760 suo
1401 731 1504 759 cum
1540 716 1850 772 indignatione

150 789 314 845 abegit.
361 790 461 846 Quo
499 790 621 832 facto
658 791 950 832 vehementer
987 794 1032 830 et
1069 788 1293 838 catholici,
1333 794 1377 830 et
1414 787 1629 830 haeretici
1666 788 1849 830 fuerunt

150 860 321 910 offensi,
356 866 402 902 et
433 861 566 903 multi
599 875 644 903 se
677 875 704 903 a
736 860 1026 903 concionibus
1058 859 1224 902 nostris
1255 863 1556 901 retraxerunt.

103 948 137 974 10
266 931 398 974 Multi
438 932 549 974 mihi
591 946 645 974 ex
687 932 920 974 catholicis
962 931 1187 979 dixerunt,
1231 931 1355 986 quod
1395 930 1431 972 si
1471 931 1607 972 homo
1647 930 1719 971 ille
1759 930 1848 971 huc

149 1001 311 1044 missus
339 1017 430 1044 non
460 1003 632 1053 fuisset,
656 1003 879 1058 templum
901 1007 1108 1044 nostrum
1138 1016 1296 1058 capere
1324 1001 1415 1043 iam
1445 1015 1535 1042 non
1564 1006 1743 1055 posset:
1776 1004 1848 1041 tot

148 1073 352 1115 homines
382 1074 442 1116 ad
469 1088 551 1116 nos
581 1074 903 1116 confluxissent
920 1088 929 1123 ;
962 1073 1041 1115 sed
1069 1073 1141 1114 ille
1171 1072 1439 1115 crudelitate
1462 1085 1544 1113 sua
1565 1085 1733 1121 omnes,
1771 1070 1849 1125 qui

150 1144 365 1194 conversi,
394 1150 474 1187 aut
500 1145 559 1187 ad
583 1159 664 1187 nos
689 1145 841 1187 venire
865 1144 1040 1194 volunt,
1069 1144 1303 1187 absterret.
1340 1145 1426 1185 Pro
1454 1141 1643 1184 minima
1667 1155 1848 1197 quaque

148 1228 194 1256 re
222 1215 428 1258 subditos
460 1215 506 1257 in
547 1230 745 1258 carceres
789 1215 972 1265 includi,
1015 1220 1095 1257 aut
1150 1215 1209 1257 ad
1262 1215 1479 1256 cathenas
1523 1218 1567 1254 et
1608 1214 1848 1268 compedes

102 1307 135 1334 15
149 1286 256 1341 poni
277 1285 417 1336 iubet,
442 1291 486 1328 et
509 1286 565 1329 de
586 1287 656 1329 his
676 1287 801 1328 nulla
821 1287 873 1328 fit
897 1285 1170 1328 consultatio
1191 1300 1198 1327 :
1224 1290 1268 1327 et
1292 1285 1327 1327 si
1349 1288 1601 1333 moneatur,
1625 1282 1846 1332 irascitur,

150 1357 400 1399 contemnit
444 1362 489 1399 et
533 1357 661 1413 peius
705 1357 827 1399 facit.
875 1358 930 1398 In
973 1357 1200 1413 theologia
1242 1356 1416 1398 nullum
1460 1354 1642 1397 videtur
1683 1354 1849 1396 habere

149 1427 513 1477 fundamentum,
555 1428 601 1470 in
639 1428 863 1470 facillimis
902 1427 1041 1470 etiam
1080 1428 1258 1470 casibus
1296 1426 1596 1469 conscientiae
1633 1424 1843 1467 haesitat.

149 1498 376 1540 Iactantia
397 1498 443 1540 in
465 1513 516 1540 eo
539 1499 736 1541 maxime
759 1498 1045 1541 dominatur:
1081 1498 1305 1554 impressit
1331 1497 1562 1554 quandam
1587 1495 1847 1539 Polonicam

147 1569 374 1624 postillam
395 1583 405 1619 ;
449 1569 504 1611 de
528 1570 613 1611 hac
651 1570 1009 1626 quotiescunque
1048 1584 1102 1612 ex
1129 1570 1316 1612 Polonia
1338 1569 1494 1611 literae
1518 1568 1768 1610 mittuntur
1792 1566 1845 1615 ei,

98 1659 133 1687 20
147 1653 221 1682 eas
259 1640 438 1695 publice
476 1640 584 1696 legit
624 1646 669 1682 et
708 1641 927 1696 gloriatur
965 1641 1211 1683 secundam
1250 1641 1341 1683 iam
1380 1639 1530 1696 parari
1569 1638 1844 1687 editionem;

147 1715 191 1752 et
227 1711 351 1767 quod
384 1711 476 1753 iarn
511 1711 698 1767 quidam
733 1711 947 1754 haeretici
983 1717 1142 1754 contra
1175 1712 1299 1754 illam
1334 1710 1605 1767 scripserint,
1643 1714 1688 1752 et
1724 1708 1848 1765 quod

145 1781 342 1824 rationes
375 1796 479 1825 suas
511 1797 603 1825 non
636 1782 849 1825 sciverint
883 1783 1084 1834 solvere;
1119 1783 1167 1825 id
1199 1783 1311 1826 adeo
1346 1796 1477 1838 saepe
1511 1782 1634 1831 facit,
1669 1785 1721 1822 ut
1754 1780 1846 1822 iam

146 1852 316 1907 pudeat
349 1867 431 1895 nos
465 1858 510 1896 et
545 1853 729 1896 taedeat
765 1854 819 1896 de
852 1855 937 1896 hac
970 1869 1030 1904 re,
1067 1860 1164 1897 tam
1199 1854 1353 1896 crebro
1388 1854 1555 1895 audire.
1593 1851 1715 1894 Nihil
1749 1855 1846 1892 tam

146 1922 358 1966 frivolum
394 1939 449 1967 ex
487 1924 674 1967 Polonia
710 1925 749 1967 ei
784 1925 1008 1975 scribitur,
1060 1925 1184 1982 quod
1218 1939 1310 1967 non
1345 1924 1522 1981 publice
1557 1924 1691 1979 legat.
1729 1922 1847 1964 Vina

98 1994 229 2040 25hoc
260 2009 379 2037 anno
412 1996 521 2049 1581
553 1995 599 2037 in
629 2000 784 2038 nostro
814 2001 970 2038 monte
1000 1997 1111 2039 satis
1140 1997 1261 2039 bona
1291 2001 1335 2038 et
1367 1996 1548 2051 copiosa
1577 1998 1841 2037 creverant:

145 2064 198 2107 iis
230 2070 386 2108 tamen
419 2065 514 2122 ipse
547 2081 639 2108 non
674 2071 928 2117 contentus,
965 2067 1087 2110 misit
1119 2067 1400 2110 Varadinum
1435 2072 1479 2108 et
1513 2066 1575 2108 ibi
1610 2065 1719 2107 emit
1754 2064 1844 2105 duo

145 2150 255 2179 vasa
283 2137 496 2193 Ungarici
518 2137 612 2180 171111
634 2150 688 2191 30
711 2138 874 2180 scutis:
907 2139 967 2181 ad
988 2153 1104 2194 quae
1127 2139 1391 2182 devehenda
1413 2137 1631 2192 compulit
1652 2134 1844 2178 rusticos

145 2212 334 2258 nostros,
368 2208 446 2264 qui
477 2223 580 2250 cum
612 2208 811 2250 dicerent
842 2223 888 2251 se
918 2224 1000 2251 nec
1030 2210 1183 2259 boves,
1216 2223 1297 2251 nec
1329 2223 1484 2251 currus
1514 2212 1646 2263 aptos
1676 2206 1842 2248 habere

145 2291 225 2333 pro
251 2279 333 2321 tali
358 2293 504 2329 onere,
534 2279 679 2335 coegit
705 2294 781 2322 eos
808 2292 860 2322 12
887 2281 1078 2323 florenos
1104 2294 1185 2336 pro
1212 2284 1400 2322 vectura
1425 2279 1609 2321 solvere.
1639 2278 1841 2331 Conque-

95 2367 132 2394 30
144 2354 306 2391 runtur
335 2355 568 2406 praeterea
598 2350 783 2400 subditi,
816 2351 939 2406 quod
968 2351 1015 2393 in
1045 2351 1139 2393 dies
1168 2350 1254 2393 illis
1284 2355 1447 2406 augeat
1477 2350 1681 2391 labores:
1715 2360 1842 2403 prae-

144 2419 279 2462 terito
324 2435 442 2463 anno
487 2420 617 2464 iussit
662 2435 737 2463 eos
781 2421 1014 2472 seminare,
1048 2426 1227 2477 praeter
1267 2420 1470 2462 triticum
1515 2424 1560 2461 et
1604 2418 1840 2467 hordeum,

145 2504 315 2533 avenae
339 2506 572 2534 mensuras
604 2504 658 2534 20
689 2497 733 2534 et
759 2493 843 2534 hoc
868 2506 987 2534 anno
1013 2493 1080 2535 28.
1109 2493 1222 2535 Cum
1246 2496 1401 2534 autem
1426 2491 1665 2539 seminant,
1693 2493 1840 2538 arant,

144 2566 323 2604 metunt
364 2568 542 2605 nostros
582 2577 712 2619 agros
752 2577 833 2619 pro
873 2562 1004 2605 nobis
1044 2562 1202 2614 coloni,
1246 2577 1349 2605 cum
1390 2562 1539 2617 fruges
1579 2561 1840 2604 convehunt

144 2631 190 2674 in
225 2634 385 2676 horrea
421 2638 466 2676 et
505 2634 752 2689 disponunt
790 2633 836 2675 in
873 2648 1069 2684 acervos,
1127 2648 1230 2676 cum
1267 2633 1360 2676 171111
1399 2633 1595 2676 decimas
1631 2636 1678 2674 et
1714 2631 1842 2674 varia

96 2703 370 2759 351egumina
394 2710 683 2761 comportant
710 2704 756 2747 in
781 2704 927 2754 cellas,
954 2704 1065 2746 nihil
1090 2704 1175 2746 illis
1200 2704 1288 2747 cibi
1313 2709 1392 2747 aut
1418 2709 1554 2760 potus
1582 2703 1837 2759 praebetur.

144 2774 282 2816 Foeni
303 2775 476 2832 aliquot
499 2776 648 2819 acervi
669 2775 716 2818 in
737 2775 921 2832 praedio
953 2780 1342 2831 computruerunt,
1384 2775 1508 2831 quod
1544 2789 1626 2818 1100
1664 2773 1840 2817 venditi

145 2850 263 2895 sunt,
291 2860 372 2888 1100
400 2846 568 2889 00101115
594 2846 716 2889 dati:
758 2846 947 2889 maximi
972 2846 1092 2888 horti
1123 2859 1150 2900 4
1175 2846 1335 2888 inculti
1360 2846 1503 2889 relicti
1529 2854 1662 2896 sunt;
1691 2844 1840 2887 caules

145 2913 327 2970 singulis
353 2917 482 2960 annis
509 2923 732 2973 coguntur
757 2917 913 2960 rustici
938 2917 985 2959 in
1011 2931 1177 2973 magna
1203 2917 1332 2973 copia
1357 2917 1564 2973 plantare
1591 2922 1636 2960 et
1663 2916 1805 2971 rigare
1827 2929 1834 2956 :

146 2983 389 3041 implentur
414 3002 469 3030 ex
494 2988 580 3031 illis
605 3001 632 3043 4
658 2993 738 3031 aut
766 2999 790 3042 5
818 3002 956 3031 vasa:
987 2988 1064 3031 vix
1091 2988 1326 3043 collegium
1351 2989 1552 3031 medium
1578 3002 1659 3032 vas
1685 2991 1837 3043 potest

97 3058 245 3098 wtoto
271 3070 389 3100 anno
416 3059 666 3109 absumere,
695 3059 868 3115 reliqua
893 3073 1004 3102 vasa
1029 3073 1110 3101 nec
1137 3058 1411 3110 venduntur,
1439 3074 1520 3102 nec
1546 3058 1835 3115 pauperibus,

146 3138 226 3167 nec
261 3127 427 3171 colonis
459 3129 773 3173 laborantibus
808 3131 989 3180 dantur,
1026 3129 1105 3173 sed
1138 3134 1393 3185 putrescere
1427 3130 1757 3186 permittuntur
1790 3130 1838 3172 in

1627 3222 1692 3256 11*
