2188 3535
380 198 453 232 294
1146 176 1220 210 No.
1255 187 1303 221 94
1774 175 1890 221 [1583
1923 184 2012 220 aug.
2050 186 2065 212 1

379 319 431 347 ac
460 303 616 346 eadem
646 299 827 356 piscina,
858 309 997 352 quam
1025 293 1161 336 semel
1190 293 1287 334 Deo
1317 291 1517 334 dicatam
1546 291 1592 333 in
1621 292 1732 334 alios
1760 305 1868 334 usus
1897 292 2068 336 diutius

380 375 562 418 minime
602 366 952 413 convertendam
993 377 1087 406 esse
1128 362 1271 412 decet,
1305 362 1390 404 Dei
1430 376 1583 404 rursus
1624 367 1669 404 et
1710 361 1922 405 ecclesiae
1962 377 2069 406 suae

378 444 562 487 servitio
612 439 771 483 merito
821 436 1148 482 restitueretur,
1201 433 1262 475 ad
1310 432 1566 475 maiestatis
1616 432 1800 476 divinae
1851 433 2067 488 gloriam:

378 513 610 569 Supplicat
662 507 891 551 humiliter
944 503 1190 547 Sanctitati
1229 504 1419 546 Vestrae
1459 503 1653 547 devotus
1696 503 1814 546 illius
1858 504 2071 548 Claudius

376 582 616 639 Aquaviva
651 576 941 633 Praepositus
974 575 1193 631 generalis
1229 574 1378 616 dictae
1414 574 1669 624 Societatis,
1706 579 1935 630 quatenus
1968 575 2072 618 huic
2103 595 2123 623 5
2186 566 2188 574 Α

374 651 620 696 necessario
663 648 786 704 operi
830 660 994 689 manus
1037 645 1295 695 adiutrices‚
1341 649 1394 687 ut
1439 645 1639 702 expedit,
1678 645 1979 689 admoventes
2022 660 2075 689 ac

373 724 484 766 alias
523 721 570 762 in
609 718 865 776 praemissis
904 721 1190 773 opportunae
1230 716 1516 759 consulentes
1555 716 1797 772 ipsumque
1837 717 2075 773 collegium

374 807 426 836 ac
467 791 586 834 illius
627 794 848 832 rectorem
890 792 935 830 et
978 786 1229 842 collegiales
1271 800 1486 842 personas
1528 786 1800 843 specialibus
1840 788 2077 830 favoribus

374 869 419 906 et
453 861 609 918 gratiis
642 863 980 916 prosequentes,
1016 857 1237 913 piscinam
1271 857 1554 913 praedictam
1588 871 1692 900 cum
1725 858 1938 901 omnibus
1971 859 2078 901 iuri·

376 935 474 982 bus,
510 931 738 980 membris,
776 928 1090 985 dependentiis
1125 933 1170 970 et
1205 928 1492 984 pertinentiis
1526 928 1618 971 suis
1652 929 1711 971 ab
1746 928 1905 972 eadem
1941 929 2077 972 domo
2089 950 2126 978 10

374 1003 566 1059 regulari
605 1006 825 1058 perpetuo
865 999 1203 1049 dismembrare,
1245 1013 1467 1054 separare,
1510 999 1725 1056 illamque
1764 1000 1827 1043 sic
1866 999 2077 1043 dismem-

375 1076 555 1118 bratam
576 1079 619 1116 et
651 1076 909 1128 separatam
940 1085 1042 1114 cum
1070 1070 1240 1112 eisdem
1271 1070 1446 1113 iuribus
1475 1076 1520 1113 et
1550 1070 1836 1127 pertinentiis
1856 1071 2080 1116 universis

378 1146 554 1201 prefato
577 1143 760 1198 collegio
782 1143 938 1198 itaque
960 1141 1093 1183 liceat
1116 1140 1344 1183 modernis
1365 1145 1411 1183 et
1439 1155 1521 1197 pro
1544 1146 1750 1197 tempore
1777 1142 2080 1185 existentibus

379 1215 490 1258 dicti
511 1214 681 1269 collegii
703 1213 865 1255 rectori
887 1216 932 1254 et
962 1211 1267 1268 collegialibus
1298 1212 1502 1268 personis
1533 1226 1612 1268 per
1645 1226 1692 1254 se
1724 1213 1797 1255 vel
1829 1213 1969 1256 alium
2001 1227 2079 1257 seu

378 1287 490 1329 alios
511 1285 709 1328 eiusdem
732 1283 903 1339 collegii
924 1283 1106 1326 nomine
1127 1284 1421 1339 corporalem,
1452 1285 1618 1326 realem
1643 1289 1688 1326 et
1720 1284 1948 1327 actualem
1979 1298 2080 1340 pos·
2093 1303 2128 1332 15

380 1357 621 1400 sessionem
644 1355 841 1411 piscinae
863 1368 1138 1410 suorumque
1160 1354 1326 1396 iurium
1348 1359 1393 1396 et
1417 1353 1796 1410 pertinentiarum
1827 1354 2079 1410 praedicto-

379 1443 480 1471 rum
509 1427 689 1483 propria
718 1425 993 1468 auctoritate
1021 1425 1158 1467 libere
1174 1425 1537 1481 apprehendere;
1570 1439 1648 1467 seu
1670 1425 1794 1468 illam
1815 1425 1907 1468 iam
1929 1425 2080 1468 forsan

381 1498 709 1554 apprehensam
726 1496 991 1539 continuare
1007 1501 1052 1538 et
1068 1501 1288 1552 perpetuo
1304 1495 1510 1546 retinere,
1530 1510 1582 1539 ac
1599 1510 1700 1539 eam
1715 1501 1881 1546 tenere,
1898 1497 2079 1546 habere,

383 1569 557 1625 piscari,
585 1582 732 1623 regere
758 1573 803 1610 et
829 1568 1080 1622 gubernare
1105 1581 1157 1609 ac
1183 1566 1256 1609 cui
1281 1581 1359 1609 seu
1384 1567 1550 1623 quibus
1576 1567 1638 1609 eis
1663 1566 1894 1609 videbitur
1919 1568 2080 1617 locare,

381 1641 608 1690 dislocare,
644 1653 818 1681 necnon
853 1638 948 1680 eius
989 1638 1145 1694 pisces,
1189 1638 1378 1687 fructus,
1412 1637 1618 1680 redditus
1659 1643 1704 1680 et
1745 1643 1995 1694 proventus
2035 1638 2081 1680 in
2094 1658 2131 1686 20

382 1725 486 1753 suos
527 1715 572 1752 et
614 1710 753 1766 ipsius
796 1709 970 1765 collegii
1011 1723 1120 1751 usus
1162 1713 1208 1751 et
1250 1708 1502 1751 utilitatem
1544 1713 1821 1758 convertere,
1884 1709 2082 1752 cuiusvis

382 1781 563 1824 licentia
598 1781 787 1837 desuper
822 1780 1009 1823 minime
1040 1779 1270 1836 requisita,
1307 1784 1352 1822 et
1384 1784 1604 1836 perpetuo
1641 1780 1882 1835 applicare,
1920 1794 2082 1836 appro-

382 1852 541 1908 priare,
584 1857 822 1894 annectere
863 1856 908 1893 et
950 1851 1236 1907 incorporare
1278 1864 1305 1893 a
1347 1850 1471 1893 dicta
1512 1850 1648 1893 domo
1691 1850 2081 1900 dismembratam,

383 1927 653 1978 separatam,
693 1922 956 1965 abdicatam
993 1936 1046 1964 ac
1084 1921 1230 1964 eidem
1268 1921 1453 1977 collegio
1491 1921 1538 1963 in
1575 1926 1848 1977 perpetuum
1885 1921 2083 1977 applica-

383 1999 492 2044 tam,
531 1993 886 2049 appropriatam,
937 2007 1165 2035 annexam
1214 1997 1259 2035 et
1309 1991 1647 2049 incorporatam
1697 2006 1792 2035 esse
1839 1992 2134 2048 literasque25

383 2078 515 2119 super
560 2064 873 2120 praesentibus
918 2063 1220 2106 conficiendas
1264 2063 1388 2106 nullo
1433 2077 1639 2119 unquam
1684 2067 1889 2119 tempore
1933 2067 1979 2106 et
2025 2062 2085 2106 ad

383 2135 522 2190 ipsius
577 2136 740 2179 domus
801 2135 1082 2191 superiorum
1145 2136 1432 2191 aliorumque
1490 2136 1758 2191 quorumvis
1816 2135 2086 2178 instantiam

385 2205 546 2261 quovis
584 2206 790 2261 quaesito
839 2206 988 2249 colore
1039 2205 1112 2248 vel
1162 2205 1341 2261 ingenio
1392 2205 1447 2247 de
1494 2204 1720 2247 nullitatis
1758 2204 1872 2247 vitio
1910 2219 1989 2247 seu
2019 2205 2086 2247 in-

387 2276 602 2318 tentionis
654 2277 922 2319 Sanctitatis
959 2277 1148 2319 Vestrae
1199 2276 1380 2318 defectu
1424 2275 1588 2325 notari,
1623 2276 1695 2318 vel
1732 2275 1843 2318 alias
1879 2290 2082 2332 quoquo-

389 2347 522 2389 modo
556 2348 822 2404 impugnari,
848 2361 929 2390 nec
963 2346 1177 2396 revocari,
1213 2346 1451 2396 moderari,
1487 2346 1725 2389 retractari
1758 2360 1836 2389 seu
1870 2346 1930 2389 ad
1962 2346 2086 2389 viam
2098 2367 2134 2395 30

391 2417 496 2459 iuris
535 2418 700 2467 reduci,
742 2423 822 2461 aut
864 2418 1051 2461 domum
1091 2418 1236 2473 ipsam
1277 2418 1495 2460 adversus
1534 2417 1632 2460 illas
1671 2417 1717 2459 in
1757 2417 1983 2473 integrum
2031 2416 2087 2460 de

392 2488 551 2542 quavis
598 2490 936 2544 quantumlibet
984 2488 1232 2531 iustissima
1279 2494 1324 2530 et
1373 2502 1552 2531 summa
1599 2502 1736 2531 causa
1783 2488 1962 2530 restitui
2009 2501 2087 2530 seu

394 2558 502 2599 alias
532 2559 627 2600 illas
655 2560 975 2616 impugnantes
1003 2559 1050 2601 in
1079 2559 1244 2601 iudicio
1274 2559 1346 2601 vel
1374 2564 1505 2601 extra
1533 2558 1680 2601 audiri
1708 2572 1852 2615 posse,
1883 2558 1962 2601 sed
1990 2558 2088 2601 illas

396 2628 440 2668 in
470 2630 677 2671 omnibus
707 2635 752 2672 et
782 2645 861 2686 per
890 2631 1043 2673 omnia
1073 2630 1248 2672 validas
1278 2635 1323 2672 et
1354 2630 1559 2672 efficaces
1589 2630 1683 2672 fore
1713 2643 1907 2685 suosque
1935 2629 2089 2684 plena-

396 2698 483 2739 rios
520 2700 704 2742 effectus
741 2701 891 2743 sortiri
928 2706 973 2743 et
1012 2700 1333 2743 inviolabiliter
1370 2700 1613 2749 observari,
1654 2700 1867 2755 dictoque
1904 2699 2136 2754 collegi035

398 2768 630 2823 suffragari
664 2775 708 2812 et
744 2771 805 2813 sic
840 2786 918 2827 per
953 2785 1247 2827 quoscunque
1282 2771 1450 2813 iudices
1485 2771 1667 2813 sublata
1700 2769 1889 2812 iudicari
1922 2773 1968 2811 et
2004 2769 2087 2811 dif-

398 2837 514 2878 finiri
562 2839 732 2883 debere.
783 2841 970 2884 Irritum
1018 2856 1199 2898 quoque
1247 2841 1483 2884 decernere
1531 2840 1790 2896 dignemini,
1840 2840 1895 2882 de
1941 2839 2090 2895 gratia

400 2908 578 2962 speciali
594 2922 603 2958 ;
639 2911 739 2952 Non
769 2913 1060 2955 obstantibus
1084 2947 1091 2954 .
1119 2946 1127 2954 .
1155 2914 1185 2954 ,1
1218 2925 1321 2953 cum
1353 2911 1564 2953 clausulis
1599 2910 1880 2966 opportunis.

529 2990 631 3032 Fiat
658 2997 703 3033 ut
730 2994 888 3047 petitur
920 2995 972 3036 V.

529 3136 541 3157 ¹
556 3137 590 3170 A
612 3147 693 3180 291.
714 3140 832 3186 lapon
851 3143 1062 3177 olvashato
1079 3145 1223 3189 szoveg
1240 3143 1375 3177 szavai
1393 3142 1550 3183 szerint,
1565 3153 1589 3176 a
1607 3142 1682 3176 mit
1699 3142 1805 3176 ezert
1826 3142 2086 3187 elhagytunk.
2103 3151 2140 3179 40
