2188 3535
105 197 202 241 1583
235 204 324 238 aug.
362 196 399 239 Ι]
864 197 938 232 No.
963 208 1018 244 ,95
1723 210 1789 244 301

103 311 267 355 viensis
287 313 304 338 ³
324 315 370 354 et
394 311 618 354 Plocensis
649 312 867 370 episcopis
883 317 900 342 4
927 330 1006 371 per
1033 316 1279 372 apostolica
1306 316 1475 374 scripta
1504 318 1789 367 mandamus,

104 387 329 440 quatenus
362 381 447 438 ipsi
480 381 552 424 vel
585 382 675 424 duo
709 389 788 425 aut
822 399 938 428 unus
968 400 1122 429 eorum
1143 401 1222 442 per
1243 402 1288 430 se
1310 388 1381 430 vel
1402 387 1542 430 alium
1567 403 1645 431 seu
1668 389 1790 439 alios,

103 453 140 497 si
176 458 222 496 et
259 453 442 509 quando
480 466 532 494 ac
569 453 746 508 quoties
784 469 864 510 pro
889 462 1017 511 parte
1046 457 1185 511 [dicti]
1215 458 1388 500 Claudii
1412 463 1457 501 et
1481 473 1562 515 pro
1588 464 1793 515 tempore

104 523 339 568 existentis
386 522 631 579 praepositi
677 525 893 579 generalis
940 527 1086 569 dictae
1134 528 1370 571 Societatis
1415 543 1467 571 ac
1513 529 1699 572 rectoris
1746 536 1790 572 et

52 611 71 639 5
105 593 401 650 collegiah'um
457 607 763 650 personarum,
824 596 994 651 collegii
1049 598 1306 641 huiusmodi
1363 599 1528 642 fuerint
1586 600 1792 656 requisiti

107 665 287 708 easdem
311 669 569 721 praesentes
591 664 745 707 literas
769 670 814 707 et
838 665 885 707 in
909 667 970 708 eis
994 673 1209 711 contenta
1232 684 1525 726 quaecunque
1549 671 1795 713 solenniter

105 736 389 793 publicantes
431 735 582 791 eisque
624 739 669 777 et
711 749 866 778 eorum
907 736 953 778 in
994 739 1246 793 praemissis
1288 740 1480 783 efficacis
1521 741 1793 784 defensionis

102 806 325 863 praesidio
353 806 614 849 assistentes
642 805 813 848 faciant
841 808 1113 850 auctoritate
1141 814 1295 852 nostra
1322 811 1502 854 easdem
1530 817 1792 867 praesentes

101 878 254 920 literas
283 882 329 920 et
357 877 404 919 in
433 877 495 920 eis
524 881 741 919 contenta
769 877 1028 920 huiusmodi
1057 880 1114 921 ab
1144 880 1352 923 omnibus
1381 882 1440 923 ad
1469 896 1581 938 quos
1611 887 1792 938 spectat

53 965 89 994 10
102 953 146 991 et
191 947 416 1004 spectabit
461 947 801 1004 quomodolibet
846 948 892 990 in
936 948 1141 992 futurum
1184 951 1502 994 inviolabiliter
1544 953 1788 1001 observari,

101 1019 312 1076 ipsosque
341 1018 580 1062 Claudium
609 1023 654 1061 et
683 1033 764 1074 pro
795 1024 997 1074 tempore
1027 1020 1295 1064 existentem
1324 1022 1633 1077 praepositum
1661 1037 1791 1078 gene-

101 1090 241 1132 ralem
265 1104 317 1132 ac
340 1094 562 1132 rectorem
586 1094 631 1132 et
656 1089 904 1145 collegiales
928 1104 1140 1146 personas
1156 1092 1480 1147 suppressione,
1500 1093 1788 1142 extinctione,

101 1160 514 1210 dismembratione,
557 1160 855 1216 separatione,
899 1161 1194 1210 concessione,
1239 1163 1552 1218 assignatione,
1597 1164 1794 1219 applica-

102 1232 226 1274 tione
256 1236 302 1274 et
333 1231 701 1288 appropriatione
731 1231 918 1287 aliisque
949 1232 1202 1287 praemissis
1232 1231 1364 1276 iuxta
1394 1234 1638 1275 earundem
1668 1248 1794 1289 prae-

50 1319 87 1348 15
100 1302 298 1345 sentium
320 1302 552 1345 literarum
575 1301 903 1344 continentiam
927 1307 972 1344 et
996 1307 1197 1345 tenorem
1220 1303 1403 1358 pacifice
1420 1303 1508 1345 frui
1524 1308 1569 1345 et
1585 1303 1789 1358 gaudere.

101 1374 204 1416 Non
227 1373 544 1429 permittentes
567 1387 642 1415 eos
665 1373 738 1415 vel
760 1387 915 1415 eorum
939 1373 1134 1429 aliquem
1164 1374 1353 1429 desuper
1390 1388 1468 1429 per
1504 1388 1794 1430 quoscunque

100 1444 440 1500 quomodolibet
461 1443 662 1486 indebite
683 1443 926 1493 molestari,
951 1444 1204 1499 perturbari
1227 1450 1306 1486 aut
1329 1444 1583 1500 inquietari,
1617 1449 1792 1487 contra-

100 1515 294 1557 dictores
324 1514 548 1571 quoslibet
579 1520 624 1557 et
655 1514 911 1570 praemissis
941 1529 1032 1557 non
1062 1520 1269 1570 parentes
1292 1529 1370 1571 per
1392 1515 1652 1563 sententias,
1692 1529 1789 1557 cen-

101 1600 227 1628 suras
266 1590 311 1628 et
350 1600 518 1641 poenas
557 1585 892 1635 ecclesiasticas,
934 1585 1110 1642 aliaque
1152 1591 1408 1641 opportuna
1452 1585 1558 1628 iuris
1598 1591 1643 1627 et
1684 1586 1795 1627 facti

51 1656 297 1701 aoremedia
329 1656 603 1699 auctoritate
635 1661 791 1699 nostra
823 1656 1127 1712 appellatione
1160 1656 1413 1712 postposita
1452 1657 1791 1712 compescendo.

100 1728 194 1770 Nec
214 1742 306 1770 non
327 1727 538 1783 legitimis
560 1741 694 1783 super
715 1727 784 1769 his
806 1727 1026 1770 habendis
1049 1728 1239 1769 servatis
1260 1727 1539 1783 processibus
1569 1741 1793 1775 censuraS,

101 1798 349 1841 sententias
373 1804 418 1841 et
442 1812 611 1854 poenas
634 1798 754 1854 ipsas
778 1798 1014 1840 incurrisse
1039 1798 1320 1848 declarando,
1339 1812 1419 1840 nec
1442 1812 1532 1840 non
1557 1812 1630 1840 eas
1656 1797 1794 1839 etiam

99 1869 276 1912 iteratis
305 1869 480 1912 vicibus
510 1869 812 1925 aggravando,
836 1869 1048 1912 invocato
1079 1869 1218 1912 etiam
1248 1869 1307 1911 ad
1335 1870 1432 1916 hoc,
1458 1869 1494 1910 si
1515 1883 1628 1924 opus
1659 1868 1792 1910 fuerit

100 1940 267 1982 auxilio
289 1940 486 1982 bracchii
507 1940 758 1982 saecularis.
784 1941 887 1982 Non
908 1940 1197 1983 obstantibus
1220 1939 1355 1995 priori
1376 1939 1614 1981 voluntate
1639 1943 1794 1980 nostra

48 2011 332 2067 25praedicta
382 2016 427 2053 et
479 2011 794 2053 Lateranensis
844 2011 1019 2053 concilii
1068 2011 1310 2053 novissime
1353 2010 1563 2052 celebrati
1606 2009 1793 2051 uniones

99 2087 353 2137 perpetuas,
371 2081 456 2123 nisi
472 2082 518 2123 in
539 2082 716 2124 casibus
738 2096 764 2124 a
785 2082 879 2124 iure
900 2082 1126 2138 permissis
1147 2081 1242 2124 fieri
1263 2080 1541 2136 prohibentis
1563 2094 1615 2121 ac
1637 2084 1792 2121 nostra

99 2152 154 2195 de
170 2167 260 2195 non
275 2152 474 2195 tollendo
490 2152 584 2195 iure
599 2152 818 2209 quaesito,
829 2167 910 2195 nec
925 2167 1017 2195 non
1032 2152 1170 2195 felicis
1182 2150 1501 2194 recordationis
1511 2149 1787 2205 Symmachi,

100 2223 228 2265 Pauli
262 2224 339 2272 II.,
373 2223 501 2266 Pauli
535 2224 611 2266 IV.
647 2229 692 2265 et
726 2223 794 2265 Pii
816 2224 868 2266 V.
905 2224 1183 2279 aliorumque
1216 2234 1586 2278 quorumcunque
1622 2222 1790 2262 Roma-

98 2308 259 2336 norum
294 2294 560 2350 pontificum
596 2294 987 2350 praedecessorum
1028 2299 1285 2336 nostrorum
1319 2291 1373 2333 de
1409 2291 1541 2333 rebus
1577 2288 1790 2332 ecclesiae

49 2379 189 2408 sonon
219 2365 466 2407 alienandis
497 2370 542 2407 et
574 2365 780 2407 alienatis
811 2364 1125 2420 recuperandis
1157 2377 1208 2405 ac
1239 2362 1376 2404 etiam
1407 2361 1506 2416 piae
1546 2359 1790 2402 memoriae

99 2435 320 2478 Bonifacii
355 2450 500 2491 papae
534 2437 663 2478 VIII.
702 2436 841 2478 etiam
876 2434 1224 2491 praedecessoris
1259 2431 1411 2480 nostri,
1451 2445 1540 2486 qua
1584 2435 1787 2478 cavetur,

99 2520 154 2548 ne
176 2506 276 2562 quis
297 2511 426 2548 extra
447 2521 577 2549 suam
604 2506 839 2549 civitatem
867 2506 939 2548 vel
971 2506 1229 2553 dioecesem,
1255 2502 1339 2544 nisi
1360 2502 1406 2543 in
1429 2501 1560 2543 certis
1589 2500 1790 2555 exceptis

99 2577 276 2619 casibus
291 2582 336 2619 et
352 2577 398 2619 in
412 2577 497 2619 illis
511 2577 632 2619 ultra
646 2591 786 2620 unam
802 2577 1001 2619 diaetam
1017 2590 1043 2617 a
1058 2576 1144 2616 fine
1161 2588 1266 2616 suae
1287 2571 1476 2614 dioecesi
1497 2571 1556 2613 ad
1572 2571 1789 2613 iudicium

100 2652 325 2696 evocetur,
351 2662 429 2690 seu
451 2662 507 2690 ne
529 2647 698 2690 iudices
721 2662 747 2690 a
770 2648 873 2690 sede
897 2645 1142 2702 apostolica
1165 2642 1372 2699 deputati
1403 2647 1531 2684 extra
1554 2641 1789 2683 civitatem

49 2718 172 2764 35vel
193 2718 453 2769 dioecesem,
477 2718 524 2760 in
545 2718 710 2774 quibus
733 2717 940 2773 deputati
973 2715 1151 2763 fuerint,
1176 2718 1334 2756 contra
1365 2726 1657 2768 quoscunque
1689 2725 1788 2767 pro-

101 2788 267 2839 cedere,
309 2794 389 2831 aut
417 2789 491 2831 alii
517 2789 588 2831 vel
613 2789 710 2831 aliis
736 2788 855 2830 vices
881 2801 984 2829 suas
1010 2784 1291 2827 committere
1320 2782 1639 2839 quoquomodo
1665 2795 1790 2837 prae-

101 2864 283 2901 sumant
308 2864 353 2901 et
378 2859 433 2902 de
457 2859 634 2902 duabus
671 2859 832 2901 diaetis
857 2858 902 2899 in
932 2855 1115 2899 concilio
1153 2854 1346 2910 generali
1383 2853 1506 2895 edita
1543 2851 1790 2894 dummodo

100 2929 222 2972 ultra
262 2935 354 2972 tres
395 2930 569 2972 diaetas
610 2929 772 2985 aliquis
813 2927 1084 2971 auctoritate
1129 2924 1434 2980 praesentium
1475 2923 1534 2965 ad
1573 2922 1789 2965 iudicium

100 3013 191 3042 non
217 3001 439 3051 trahatur,
464 3000 651 3056 aliisque
673 2998 908 3056 quibusvis
935 2995 1333 3039 constitutionibus
1359 2999 1404 3036 et
1431 2992 1790 3035 ordinationibus

50 3070 372 3125 4oapostolicis,
397 3085 478 3113 nec
506 3085 598 3113 non
626 3069 835 3112 ecclesiae
865 3067 1018 3110 Sancti
1048 3065 1265 3120 Stephani
1293 3069 1338 3106 et
1367 3064 1528 3106 domus
1550 3076 1600 3104 ac
1622 3061 1790 3104 ordinis

230 3172 244 3192 ³
271 3172 540 3217 Myszkowski
567 3171 696 3210 Peter,
728 3179 820 3214 1577
847 3169 928 3202 Ota.
986 3167 1000 3188 ⁴
1026 3165 1178 3200 VVolski
1205 3165 1342 3199 Dunin
1370 3165 1500 3204 Peter,
1536 3173 1627 3208 1577
1657 3164 1738 3198 ota.
