2188 3535
316 169 384 203 192
1077 151 1152 186 No.
1179 153 1223 188 61
1656 151 1768 195 [1581
1804 153 1928 195 szept.
1957 160 2004 194 19

312 276 692 320 commendamus.
739 273 872 327 Jesus
916 269 1118 312 Christus
1164 270 1212 311 P.
1260 269 1362 311 V‘m
1394 283 1533 325 quam
1572 269 1823 313 diutissime
1855 272 2004 311 servet

312 347 593 390 incolumem.

444 418 584 460 Albae
612 413 773 469 Juliae,
819 411 976 453 Idibus
1018 410 1308 466 Septembris.
1352 412 1485 454 Anno
1516 412 1639 466 1581.

443 482 537 530 Rdae
566 481 860 528 Paternitatis
894 482 1018 524 Tuae

1459 553 1670 609 indignus
1701 565 1857 595 servus
2020 564 2055 599 :5

1371 624 1574 679 Joannes
1605 622 1803 666 Lelesius
1833 636 1947 678 mpr.

435 731 678 773 Kiilczime:
724 727 814 779 Jhs.
851 729 1099 768 Reverendo
1134 729 1367 769 admodum
1401 730 1444 769 in
1480 730 1645 770 Christo
1681 728 1798 768 Patri
1832 727 2007 768 Claudio

308 792 531 845 Aquaviva
563 789 838 842 [praeposito]
867 788 1049 840 generali
1079 789 1300 829 Societatis
1332 790 1469 841 [Jesu]
1501 790 1676 828 Romae.

579 879 771 924 (Eredeti,
799 878 1023 924 sajatkezfl‚
1053 890 1077 914 a
1105 879 1403 925 Jezsuita-rend
1430 879 1737 922 leveltaraban.)

1123 1042 1175 1084 61
1183 1075 1194 1086 .
2023 1060 2058 1088 10

768 1142 1019 1190 Kolozsvcir,
1054 1143 1168 1196 1581
1199 1143 1452 1199 szeptember
1483 1155 1551 1198 19.

421 1250 466 1288 P.
498 1248 651 1300 Wujek
679 1248 820 1300 Jakab
851 1250 897 1288 P.
928 1250 1153 1302 Aquaviva
1184 1251 1359 1290 Claudio
1397 1250 1899 1303 jezsujta-generalisnak.

442 1343 561 1393 Nbgy
587 1343 757 1394 kbtsbges
782 1343 938 1394 iigyben
964 1344 1050 1383 ke'ri
1073 1345 1256 1384 tandcsdt
1275 1358 1287 1383 .·
1312 1345 1509 1396 selely'en-e
1535 1358 1581 1384 az
1605 1344 1808 1384 eretnekek
1833 1345 2013 1396 esetleges

313 1402 478 1441 ta'madd
513 1402 722 1447 ira'saira,·
753 1403 1008 1453 megengedje
1040 1403 1225 1443 tova'bbru
1259 1404 1309 1447 is,
1344 1404 1447 1455 hogy
1481 1418 1503 1442 α
1539 1403 1654 1443 hivek
1688 1417 1712 1442 a
1745 1403 2015 1455 templomban

314 1461 619 1500 temetkezzenek
638 1475 653 1505 ,·
674 1461 825 1500 mikent
847 1461 955 1500 lcissa
979 1462 1014 1500 el
1035 1462 1158 1501 istem'
1179 1462 1427 1513 szolga'laltal
1458 1463 1582 1502 ta'voli
1605 1462 1667 1501 ket
1701 1462 1860 1514 jalujok
1899 1464 2015 1514 ηὲῥὲἰ
2026 1475 2060 1503 15

314 1520 355 1558 ἐς
380 1519 480 1569 mily
504 1519 647 1558 modon
674 1519 816 1570 kezelje
841 1533 863 1558 α
892 1519 1107 1571 ἠοῖῖέξίῑιηι
1133 1521 1320 1560 birtokait
1343 1521 1550 1573 legjobban
1569 1525 1588 1560 Ρ

449 1607 527 1656 Rde
558 1614 806 1657 admodum
836 1615 883 1657 in
914 1615 1091 1658 Christo
1123 1617 1270 1659 Pater.
1306 1618 1402 1660 Pax
1434 1618 1610 1660 Christi.

450 1685 550 1727 Iam
583 1685 752 1741 priores
785 1686 938 1728 literas
980 1687 1242 1737 clauseram,
1287 1702 1391 1730 cum
1434 1702 1534 1731 ecce
1576 1689 1687 1731 mihi
1729 1693 2014 1731 occurrerent

314 1755 402 1798 tria
428 1756 580 1806 dubia,
609 1771 802 1812 quorum
828 1758 1148 1800 resolutionem
1174 1764 1280 1814 peto
1311 1773 1338 1802 a
1368 1761 1422 1802 R.
1456 1761 1504 1802 P.
1537 1761 1712 1803 Vestra.

448 1827 652 1869 Primum
675 1832 742 1870 est
764 1841 771 1870 :
798 1829 953 1884 Nuper
975 1829 1198 1872 edidimus
1221 1831 1370 1873 theses
1392 1830 1632 1886 impressas
1659 1833 1745 1874 »De
1767 1831 1906 1873 verbo
1929 1829 2061 1873 Deizo

314 1902 413 1940 tam
437 1897 627 1953 scriptis,
654 1913 793 1954 quam
817 1899 924 1942 viva
947 1914 1057 1942 voce
1081 1901 1252 1943 tradito
1276 1906 1321 1943 et
1345 1902 1442 1957 pari
1466 1902 1702 1958 utriusque
1726 1901 2011 1950 autoritate«,

313 1982 429 2024 quas
458 1969 642 2024 quidem
672 1970 821 2012 theses
850 1975 986 2012 antea
1016 1971 1117 2013 misi
1148 1973 1201 2014 R.
1233 1973 1370 2014 Tuae.
1403 1973 1476 2015 Ad
1505 1987 1580 2015 eas
1609 1972 1939 2029 oppugnandas
1967 1971 2016 2014 in

313 2039 508 2081 comitiis
540 2040 731 2095 publicis
763 2041 902 2083 etiam
934 2042 1134 2098 principe
1167 2049 1416 2098 praesente,
1451 2044 1646 2086 ministri
1677 2043 1892 2086 haeretici
1923 2057 2015 2086 non

313 2110 412 2152 ausi
440 2116 546 2152 sunt
576 2111 740 2153 venire.
773 2112 862 2154 Sed
889 2113 1123 2155 minantur
1151 2128 1197 2156 se
1227 2119 1385 2156 contra
1414 2129 1489 2158 eas
1518 2116 1776 2171 scripturos
1816 2114 1950 2171 Quod
1977 2113 2015 2156 si

313 2180 514 2231 fecerint,
548 2182 659 2238 quid
689 2183 820 2224 nobis
851 2183 934 2225 erit
967 2185 1226 2239 agendum?
1262 2187 1334 2227 An
1366 2186 1428 2229 eis
1458 2201 1611 2230 rursus
1641 2185 2061 2243 respondebimusz.

314 2257 395 2294 aut
424 2252 548 2307 prius
576 2267 651 2295 eas
679 2253 916 2297 mittemus
944 2255 1003 2296 ad
1032 2257 1086 2298 R.
1118 2257 1167 2298 P.
1197 2257 1378 2300 Tuam?

445 2323 703 2366 Secundum
725 2330 806 2375 est,
832 2326 1043 2368 catholici
1074 2327 1121 2368 in
1151 2328 1237 2370 hac
1268 2328 1456 2371 civitate
1487 2329 1637 2372 locum
1668 2343 1748 2385 pro
1780 2327 2014 2383 sepultura

312 2393 452 2436 alium
495 2395 670 2437 nullum
714 2397 900 2446 habent,
946 2397 1032 2439 nisi
1076 2399 1300 2454 templum
1345 2405 1552 2443 nostrum
1596 2415 1701 2443 cum
1744 2397 2012 2441 caemeterio

313 2471 599 2521 perangusto,
630 2467 753 2522 quod
780 2473 848 2510 est
875 2473 1031 2511 nostro
1059 2470 1244 2525 collegio
1272 2471 1581 2514 coniunctum.
1612 2472 1667 2514 In
1693 2470 1840 2527 prima
1866 2469 2013 2525 sepul-

313 2540 429 2584 tura,
455 2551 570 2591 quae
592 2538 740 2580 adhuc
766 2538 890 2581 facta
917 2544 998 2588 est,
1029 2545 1221 2583 conatus
1248 2555 1349 2584 sum
1377 2548 1603 2598 quantum
1630 2541 1773 2598 potui,
1803 2545 1855 2583 ut
1882 2540 2061 2582 iuxtaao

315 2606 661 2651 constitutiones
695 2615 886 2659 nostras,
923 2611 1204 2666 sepulturam
1238 2612 1284 2654 in
1318 2615 1489 2670 templo
1523 2619 1678 2656 nostro
1711 2611 2009 2668 prohiberem.

316 2676 404 2717 Sed
429 2683 613 2733 propter
638 2694 855 2735 magnum
881 2682 1160 2732 scandalum,
1190 2684 1314 2739 quod
1340 2690 1602 2727 secuturum
1628 2688 1739 2732 erat,
1768 2682 1918 2724 visum
1944 2686 2012 2723 est

315 2748 645 2792 consultoribus
663 2756 708 2792 et
726 2752 836 2793 mihi
855 2767 1048 2808 quoque,
1070 2759 1122 2795 ut
1141 2754 1483 2809 permitteretur
1498 2755 1562 2797 eis
1579 2755 1638 2797 ad
1655 2760 1850 2809 tempus,
1871 2752 2013 2795 donec

316 2817 388 2858 vel
419 2817 502 2873 ipsi
534 2820 671 2863 alium
702 2822 851 2865 locum
882 2823 1151 2874 invenerint,
1186 2825 1257 2866 vel
1289 2826 1337 2867 P.
1363 2826 1658 2869 Provincialis
1689 2830 1768 2867 aut
1790 2823 2014 2867 Visitator

316 2887 512 2937 veniens,
554 2892 662 2932 certi
700 2893 872 2949 aliquid
909 2894 964 2936 de
1001 2896 1086 2937 hoc
1124 2896 1350 2938 statuerit.
1392 2897 1492 2939 Iam
1530 2896 1641 2953 quid
1677 2896 1723 2937 in
1760 2896 1846 2937 hac
1883 2898 2061 2950 parte35

317 2957 401 2999 erit
426 2958 681 3004 faciendum
701 2964 717 3005 ?
750 2964 969 3007 Catholici
1006 2971 1112 3008 sunt
1136 2966 1331 3009 necdum
1355 2967 1466 3010 satis
1489 2967 1607 3010 firmi
1631 2972 1676 3009 et
1701 2979 1933 3022 pauperes,
1961 2969 2013 3007 ut

317 3028 456 3070 alium
478 3029 626 3073 locum
649 3047 740 3075 non
763 3034 892 3077 facile
916 3036 1006 3078 sint
1030 3038 1349 3092 comparaturi.
1377 3039 1470 3080 Nec
1493 3038 1788 3094 magistratus
1811 3036 2013 3078 civitatis

317 3099 568 3143 haereticus
595 3102 698 3145 huic
725 3105 905 3160 negotio
934 3107 1121 3150 favebit.
1158 3109 1229 3149 Ex
1256 3109 1399 3152 altera
1426 3115 1556 3166 parte
1583 3113 1765 3151 nostrae
1793 3107 2012 3150 constitu-
