2188 3535
316 231 388 268 134
1081 215 1155 250 No.
1193 225 1242 262 50
1681 217 1792 262 [1581
1830 215 1925 260 maj.
1960 218 2008 252 28

313 353 564 396 oppressus,
598 341 839 393 perpetuos
870 338 1027 375 tamen
1056 334 1252 389 hymnos
1283 334 1493 376 omnibus
1525 334 1816 376 audientibus
1847 333 2008 376 cecinit

166 422 236 455 mi-
255 429 298 454 27·
314 410 538 452 continue.
568 406 763 450 Duravit
789 407 899 447 11366
925 418 994 445 res
1020 417 1163 459 usque
1189 404 1249 446 ad
1273 406 1433 447 horam
1459 404 1547 446 diei
1572 404 1803 460 sequentis
1827 403 2009 446 undeci-

313 494 435 523 mam
455 494 464 530 ;
510 492 599 534 quo
643 482 845 531 tempore
888 474 1012 516 dicta
1054 474 1258 517 oratione
1301 475 1552 523 Dominica,
1599 475 1812 530 linguam,
1857 475 2011 517 oculos

313 556 357 592 et
385 563 565 591 sensum
593 560 773 589 omnem
801 545 966 594 amisit,
996 549 1136 601 atque
1163 545 1229 588 ita
1256 546 1334 588 diu
1362 545 1618 601 palpitante
1646 544 1792 594 corde,
1823 545 2010 588 tandem

312 619 536 675 expiravit
563 618 609 658 in
637 616 868 659 Domino.l
2042 624 2060 652 5

428 688 592 730 Filium
615 701 747 729 suum
769 686 968 735 unicum,
994 700 1131 742 quem
1152 687 1305 737 habet,
1331 687 1413 729 soli
1438 686 1605 742 Regiae
1628 687 1686 728 M.
1723 687 1812 728 Vrae
1834 700 2012 728 concre-

312 760 440 802 didit.
483 760 579 814 Ego
618 772 726 800 sane
763 758 985 799 hactenus
1024 757 1148 799 domi
1186 772 1313 800 meae
1351 757 1572 800 catholice
1622 757 1750 798 illum
1794 756 2010 807 educavi;

313 830 521 884 deinceps
550 829 669 870 inter
685 833 755 870 tot
773 829 939 877 hostes,
969 827 1081 883 quid
1097 842 1178 883 ego
1196 828 1374 878 faciam,
1393 828 1479 870 nisi
1496 842 1541 869 se
1559 827 1773 870 Maiestas
1789 828 1862 869 Vra
1878 827 2014 869 inter-

313 900 525 956 posuerit,
557 899 718 941 nescio.
753 898 1058 941 Audientibus
1089 899 1300 941 omnibus
1329 899 1482 954 palam
1511 898 1642 947 dixit,
1673 912 1719 940 se
1748 897 1860 940 nulli
1888 911 2014 954 prae-

313 971 493 1026 cipuam
523 970 617 1012 eius
657 984 812 1012 curam
841 969 1126 1011 committere
1164 970 1290 1019 velle,
1323 974 1644 1025 praeterquam
1673 963 1746 1012 Mti
1766 969 1880 1019 V¹³⁹;
1905 969 2015 1011 flens
2030 978 2063 1005 1⁰

313 1047 420 1084 ante
453 1047 646 1084 mortem
678 1055 857 1083 rursum
888 1040 1072 1083 interim
1104 1040 1214 1083 mihi
1246 1039 1586 1082 commendavit
1619 1045 1665 1081 et
1696 1039 1808 1082 mihi
1841 1044 2015 1082 certum

314 1118 382 1154 est
422 1127 493 1154 me
533 1112 656 1167 prius
695 1112 960 1154 occumbere
1000 1111 1128 1161 velle,
1170 1115 1420 1167 antequam
1459 1111 1554 1152 eius
1593 1125 1750 1152 curam
1790 1110 2015 1165 deponam

315 1188 360 1225 et
393 1183 605 1239 cuiquam
636 1182 740 1224 fidei
784 1182 1084 1231 committam,
1119 1182 1214 1224 sine
1245 1182 1465 1224 mandato
1489 1176 1573 1224 Mtis
1595 1182 1795 1223 Vestrae.
1825 1181 2015 1224 Disertis

316 1253 463 1296 verbis
499 1253 785 1308 interrogavi,
817 1267 876 1294 an
911 1253 1046 1295 vellet
1078 1253 1220 1295 filium
1253 1253 1472 1294 catholice
1508 1252 1703 1302 educari,
1737 1252 1876 1294 immo
1908 1265 2014 1294 vero

317 1324 394 1366 ait.
428 1325 545 1366 Tum
567 1338 672 1379 ego:
715 1324 857 1365 eritne
891 1328 1108 1365 contenta
1147 1323 1375 1366 Celsitudo
1391 1324 1474 1372 Vm,
1501 1323 1537 1365 si
1560 1323 1701 1365 Sermus
1726 1322 2061 1365 Poloniarum1·.

316 1409 395 1437 rex
416 1409 519 1437 eum
540 1395 599 1437 ad
618 1409 664 1436 se
685 1394 846 1436 deferri
867 1394 1044 1436 iusserit
1067 1400 1205 1450 atque
1226 1394 1287 1436 ibi
1308 1394 1488 1436 institui
1510 1393 1730 1436 catholice
1750 1392 1975 1435 curaverit
1995 1394 2012 1435 ?

316 1466 559 1515 Lubenter‚
593 1465 756 1521 inquit,
788 1479 952 1507 annuo.
989 1466 1088 1507 Hoc
1121 1479 1224 1520 ergo
1268 1470 1350 1513 est,
1395 1465 1519 1520 quod
1550 1465 1748 1520 primum
1780 1478 1807 1506 a
1838 1462 1913 1506 Mte
1944 1464 2016 1506 Vra

319 1536 510 1592 requiro,
540 1550 729 1591 puerum
756 1536 965 1578 videlicet
992 1535 1083 1577 iam
1109 1536 1154 1577 in
1181 1535 1430 1591 principem
1457 1536 1651 1577 electum
1676 1535 1896 1577 catholice
1921 1534 2015 1576 sive

316 1607 403 1656 hic,
445 1607 539 1649 sive
580 1607 703 1662 apud
742 1621 788 1648 se
828 1606 1009 1648 educari
1050 1611 1188 1648 curet.
1233 1606 1497 1655 Movebunt,
1556 1606 1660 1655 scio,
1720 1605 1795 1647 isti
1835 1619 2016 1647 omnem

317 1677 540 1733 lapidem;
576 1678 746 1731 fingent
779 1691 825 1719 se
857 1677 903 1718 in
943 1682 1095 1732 partes
1127 1691 1296 1725 omnes,
1331 1677 1410 1718 sed
1442 1677 1655 1718 Maiestas
1685 1677 1758 1718 Vra
1789 1676 1900 1718 nihil
1931 1675 2065 1720 illis20

319 1748 538 1790 concedat
579 1754 622 1790 ct
663 1748 979 1790 conticescent.
1005 1748 1196 1802 Juratus
1236 1747 1425 1797 affirmo,
1469 1747 1505 1789 si
1545 1747 1680 1789 modo
1721 1746 2017 1788 deliberatam

320 1813 404 1861 Mtis
424 1820 510 1860 Vrae
530 1819 826 1860 intellexerim
857 1819 1157 1867 voluntatem,
1192 1818 1316 1860 nulla
1348 1823 1415 1860 est
1449 1832 1530 1867 res,
1560 1831 1699 1874 quam
1718 1831 1810 1859 non
1829 1831 2015 1873 regnum

320 1889 512 1931 libenter
542 1889 754 1944 perficiet.
790 1890 889 1931 Iam
920 1889 989 1931 his
1021 1889 1198 1931 duobus
1229 1888 1359 1930 annis
1389 1888 1436 1930 in
1467 1889 1600 1930 rebus
1631 1888 1880 1930 admodum
1910 1887 2018 1943 ipsis

320 1960 555 2002 contrariis
603 1965 816 2015 expertus
864 1973 977 2008 sum,
1020 1973 1163 2015 eaque
1199 1953 1269 2001 Mti
1305 1960 1394 2001 Vrae
1429 1959 1701 2015 perscribere
1749 1973 1927 2014 possem
1963 1958 2018 2000 de

321 2035 596 2086 augumento
638 2035 681 2072 et
724 2030 930 2086 profectu
962 2030 1185 2085 religionis
1216 2030 1478 2079 catholicae,
1520 2044 1656 2086 quem
1694 2029 1881 2072 fecimus
1922 2030 2067 2074 De025

320 2101 520 2150 iuvante,
549 2101 585 2142 si
611 2101 833 2143 rationem
859 2101 1170 2156 occupationis
1196 2095 1280 2143 Mtis
1306 2102 1394 2143 Vrae
1419 2115 1511 2143 non
1536 2102 1762 2143 haberem.

436 2172 642 2214 Alterum
677 2177 744 2213 est
780 2172 836 2213 de
872 2172 1096 2213 Societate
1131 2176 1288 2214 nostra
1322 2171 1368 2213 in
1402 2172 1487 2214 hoc
1522 2186 1658 2227 regno
1693 2171 2016 2226 confirmanda,

321 2242 447 2284 cuius
486 2243 699 2284 utilitatis
739 2247 783 2284 et
824 2242 999 2284 fructus
1038 2257 1129 2284 non
1169 2247 1235 2284 est
1277 2243 1400 2298 quod
1439 2257 1698 2298 prosequar,
1741 2256 1844 2284 cum
1883 2246 2020 2284 antea

321 2313 533 2355 Maiestas
558 2314 627 2355 Vra
658 2314 742 2355 illis
774 2313 969 2368 impulsa
994 2313 1040 2355 in
1062 2314 1148 2355 hoc
1170 2328 1359 2369 regnum
1381 2313 1697 2356 introduxerit.
1726 2314 1837 2355 Erat
1861 2312 2019 2354 volun-

322 2383 432 2426 tatis
457 2378 597 2426 Celsnis
623 2384 739 2426 Suae
776 2384 918 2426 Albae
957 2398 1138 2440 quoque
1162 2384 1344 2427 nomine
1381 2398 1462 2426 suo
1501 2398 1592 2426 non
1616 2384 1855 2426 minimum
1879 2396 2020 2439 genus
2033 2401 2069 2428 30

323 2455 607 2509 collegiorum
658 2455 802 2497 facere
835 2460 880 2496 et
914 2455 1117 2504 fundare,
1157 2455 1306 2497 locum
1352 2455 1590 2510 delegerat.
1637 2449 1707 2497 Mti
1738 2455 1826 2497 Vrae
1857 2458 2019 2496 notum

324 2526 647 2568 monasterium
683 2526 850 2568 ordinis
889 2526 1242 2575 Predicatorum,
1281 2526 1503 2582 templum
1539 2525 1723 2581 quidem
1757 2525 1848 2567 iam
1882 2525 2018 2566 habe-

325 2609 438 2643 mus,
478 2597 555 2637 sed
592 2597 917 2639 monasterium
955 2596 1103 2638 adhuc
1140 2596 1454 2646 inhabitatur;
1494 2597 1573 2638 sed
1609 2601 1654 2638 et
1692 2595 1914 2650 templum
1952 2599 2019 2636 est

326 2670 477 2707 totum
514 2667 791 2717 desolatum;
837 2667 927 2709 iam
971 2681 1051 2722 pro
1088 2668 1352 2722 pavimento
1393 2667 1622 2710 Celsitudo
1659 2667 1751 2709 Sua
1781 2671 2019 2708 curaverat

327 2736 492 2778 adferri
522 2738 577 2778 de
593 2752 674 2779 em
702 2738 840 2779 millia
863 2738 1070 2787 laterum,
1108 2738 1250 2780 altare
1274 2752 1329 2779 ex
1351 2738 1470 2793 ligno
1493 2752 1573 2793 pro
1596 2742 1798 2792 tempore
1821 2735 2020 2778 extruxi-
2033 2752 2070 2781 33

327 2820 441 2855 mus,
466 2812 603 2862 atque
625 2809 809 2850 ccclesia
831 2810 977 2851 multa
997 2808 1168 2864 indiget
1196 2808 1492 2864 reparatione,
1523 2808 1603 2850 sed
1629 2808 1665 2849 si
1692 2807 1811 2850 idem
1844 2807 2022 2849 animus

329 2876 412 2918 erit
445 2871 513 2918 M*i
542 2879 638 2927 Vm,
678 2880 754 2934 qui
796 2879 882 2921 fuit
923 2879 1085 2935 optimi
1126 2879 1352 2934 principis,
1400 2878 1580 2920 invenio
1620 2883 1664 2920 et
1704 2878 1794 2920 scio
1833 2877 2021 2920 modum

331 2946 519 2997 facilem,
550 2963 639 3003 quo
666 2950 775 2991 11366
801 2950 954 2992 omnia
984 2949 1287 3005 perficiantur.

460 3105 473 3126 ¹
501 3106 642 3140 Halala
665 3107 835 3152 (Gyulafi
857 3109 997 3143 Lestar
1014 3109 1266 3154 foljegyzesei
1289 3110 1343 3143 18.
1363 3109 1387 3142 l.
1407 3109 1555 3142 szerint
1570 3109 1619 3152 is)
1643 3110 1732 3152 1581
1755 3108 1886 3153 majus
1906 3109 2022 3151 27-en

330 3163 495 3198 delutan
516 3175 539 3207 4
561 3165 601 3198 es
626 3174 642 3208 5
668 3166 732 3199 ora
758 3167 852 3201 kozt
874 3168 1135 3202 kovetkezett
1156 3168 1216 3202 be.
2037 3176 2073 3204 40
