2188 3535
118 183 213 227 1583
247 190 336 225 aug.
375 181 411 224 1]
881 183 956 217 No.
985 193 1030 229 95
1727 191 1800 228 299

113 297 336 340 erectione
361 297 563 353 profecto
590 299 835 342 catholicae
861 300 1082 357 religionis
1107 300 1153 343 in
1178 301 1263 343 illis
1288 299 1493 356 partibus
1518 299 1796 342 incremento

115 376 160 411 et
192 367 506 423 propagationi
537 368 647 410 satis
678 376 943 414 consuetum
975 371 1102 414 foret.
1143 372 1291 427 Quare
1322 370 1553 426 praefatus
1584 370 1797 413 Claudius

115 438 398 494 praepositus
415 437 544 479 nobis
561 438 793 481 humiliter
808 441 1048 496 supplicari
1068 441 1184 490 fecit,
1206 446 1430 497 quatenus
1449 440 1558 483 dicti
1579 440 1798 496 Stephani

115 508 229 564 regis
254 508 354 564 piae
379 508 667 550 sollicitudini
693 514 737 550 et
764 509 979 553 desiderio
1006 512 1232 554 consulere
1257 526 1308 554 ac
1334 511 1444 553 alias
1469 511 1515 553 in
1540 510 1797 566 praemissis

63 595 86 623 5
115 584 369 635 opportune
405 578 640 634 providere
677 578 731 620 de
767 579 1046 636 benignitate
1082 582 1328 637 apostolica
1364 581 1662 637 dignaremur.
1702 582 1795 623 Nos

114 650 264 706 igitur,
298 649 376 705 qui
408 649 581 691 dudum
619 648 738 691 inter
776 649 863 692 alia
902 651 1138 700 voluimus,
1181 666 1297 707 quae
1336 656 1541 707 petentes
1580 651 1796 693 beneficia

115 719 414 763 ecclesiastica
461 719 557 762 aliis
605 719 722 761 uniri
770 724 1042 769 tenerentur,
1093 722 1339 777 exprimere
1388 736 1546 764 verum
1594 736 1797 764 annuum

115 791 314 833 valorem
348 790 487 833 etiam
520 789 737 840 beneficii,
773 790 845 832 cui
878 790 1001 833 aliud
1033 791 1148 833 uniri
1182 797 1421 847 peteretur,
1462 792 1659 848 alioquin
1692 791 1798 834 unio

114 875 206 904 non
242 861 411 904 valeret
449 865 494 903 et
531 874 707 916 semper
741 860 788 902 in
824 861 1064 903 unionibus
1101 862 1352 904 commissio
1388 863 1513 904 fieret
1551 863 1609 904 ad
1645 868 1796 917 partes

64 948 102 976 10
116 931 303 981 vocatis,
337 945 530 988 quorum
577 931 840 973 interesset:
893 932 1085 974 eundem
1133 932 1369 975 Claudium
1417 932 1725 988 praepositum
1773 947 1799 974 a

116 1001 350 1058 quibusvis
389 1001 880 1050 excommunicationis,
922 1002 1223 1057 suspensionis
1262 1008 1306 1044 et
1346 1002 1573 1044 interdicti
1613 1003 1799 1058 aliisque

114 1072 423 1116 ecclesiasticis
456 1072 704 1121 sententiis,
741 1072 937 1114 censuris
970 1077 1014 1114 et
1049 1072 1202 1128 poenis
1235 1087 1262 1115 a
1294 1073 1388 1115 iure
1422 1072 1493 1114 vel
1527 1073 1585 1114 ab
1619 1073 1799 1115 homine

114 1143 276 1200 quavis
298 1143 529 1186 occasione
552 1143 623 1185 vel
646 1157 782 1185 causa
804 1143 921 1191 latis,
947 1143 982 1185 si
1006 1143 1169 1198 quibus
1192 1143 1531 1199 quomodolibet
1554 1142 1800 1185 innodatus

113 1214 268 1256 existit
307 1214 367 1256 ad
405 1215 617 1256 effectum
647 1215 951 1269 perpetuum1
980 1213 1206 1256 duntaxat
1239 1213 1603 1269 consequendum
1640 1213 1801 1255 harum

64 1285 222 1329 15serie
257 1285 543 1327 absolventes
578 1289 623 1327 et
659 1284 920 1326 absolutum
956 1283 1049 1326 fore
1084 1289 1328 1326 censentes.
1367 1284 1553 1325 Necnon
1588 1297 1800 1338 quarum-

113 1370 290 1412 cunque
330 1356 519 1398 aliarum
559 1355 909 1403 concessionum,
952 1354 1321 1410 applicationum,
1364 1353 1798 1409 appropriationum,

112 1425 345 1475 unionum,
400 1425 705 1469 annexionum
757 1430 802 1468 et
855 1425 1270 1481 incorporationum
1324 1423 1539 1467 Societati
1593 1424 1703 1478 Jesu
1756 1429 1799 1465 et

113 1497 296 1552 collegio
336 1496 552 1552 praefatis
591 1501 791 1545 eatenus,
833 1496 1173 1552 quomodolibet
1206 1496 1432 1538 factarum
1464 1508 1515 1536 ac
1547 1494 1801 1537 litterarum

113 1567 421 1623 praefatarum
462 1572 507 1609 et
548 1567 652 1609 inde
694 1572 991 1623 sequutorum
1032 1580 1404 1623 quorumcunque
1446 1570 1623 1607 tenores
1664 1564 1801 1607 etiam

61 1655 99 1683 20
115 1637 308 1680 veriores
332 1643 377 1680 et
403 1638 499 1680 dati
524 1652 576 1680 ac
600 1638 739 1680 etiam
764 1637 974 1680 ecclesiae
999 1637 1152 1680 Sancti
1178 1636 1395 1692 Stephani
1420 1640 1465 1678 et
1491 1636 1650 1677 domus
1674 1649 1798 1690 regu-

114 1708 219 1751 laris
239 1709 302 1750 illi
324 1709 549 1764 contigua,
571 1723 746 1751 necnon
766 1708 887 1751 horti
908 1708 1163 1764 iuriumque
1184 1708 1490 1750 membrorum
1512 1711 1556 1748 et
1579 1705 1802 1761 pertinen-

115 1779 282 1822 tiarum
327 1794 511 1822 suorum
555 1779 868 1822 universorum
912 1779 1221 1835 praefatorum
1265 1777 1544 1826 situationes‚
1592 1777 1798 1825 confines,

115 1850 371 1906 qualitateS,
390 1851 625 1900 vocabula,
644 1850 1032 1893 denominationes
1055 1855 1100 1892 et
1117 1863 1245 1892 veros
1269 1849 1408 1891 etiam
1432 1861 1605 1890 annuos
1629 1847 1801 1888 valores

115 1921 426 1976 praesentibus
465 1935 546 1977 pro
586 1921 805 1976 expressis
843 1921 1064 1963 habentes
1102 1919 1360 1962 huiusmodi
1399 1917 1801 1974 supplicationibus

61 1991 318 2038 25inclinati
347 1991 578 2034 ecclesiam
607 1992 761 2034 Sancti
791 1991 1009 2048 Stephani
1038 2005 1090 2034 ac
1119 1991 1305 2033 domum
1333 1990 1581 2045 regularem
1609 1988 1671 2028 illi
1699 2001 1800 2029 con-

115 2061 289 2117 tiguam
328 2062 583 2118 praedictas
622 2077 674 2105 ac
712 2062 759 2104 in
798 2062 860 2105 eis
899 2076 1064 2105 nomen
1103 2066 1149 2104 et
1189 2060 1602 2103 denominationem
1642 2058 1800 2100 domus

114 2132 308 2189 denique
356 2132 529 2175 dictum
576 2133 793 2184 ordinem,
840 2133 1095 2181 essentiam,
1140 2136 1312 2174 statum
1359 2135 1403 2173 et
1451 2127 1800 2185 dependentiam

114 2203 282 2245 ordinis
316 2203 509 2246 fratrum
543 2204 907 2259 praedicatorum
941 2203 1199 2246 huiusmodi
1232 2200 1479 2257 apostolica
1511 2198 1797 2246 auctoritate,

115 2278 269 2316 tenore
291 2274 598 2330 praesentium
619 2280 839 2331 perpetuo
862 2274 1185 2330 supprimimus
1207 2278 1252 2314 et
1273 2270 1590 2325 extinguimus.
1611 2269 1796 2310 Necnon

61 2345 296 2392 30hortum
341 2345 624 2401 praedictum
670 2359 773 2388 cum
819 2345 1028 2388 omnibus
1073 2344 1244 2385 iuribus
1289 2346 1334 2384 et
1380 2339 1663 2396 pertinentiis
1707 2338 1798 2380 suis

112 2415 332 2457 universis
361 2430 388 2458 a
417 2416 730 2472 praepositura
759 2416 967 2472 praefata
997 2414 1268 2458 auctoritate
1299 2417 1343 2454 et
1372 2416 1526 2453 tenore
1557 2408 1798 2465 praedictis

113 2485 252 2528 etiarn
269 2491 487 2542 perpetuo
506 2487 884 2529 dismembramus
901 2491 945 2528 et
964 2498 1224 2541 separamus
1240 2483 1427 2537 illosque
1443 2480 1503 2522 sic
1522 2493 1796 2535 suppressos,

113 2556 352 2606 extinctos,
382 2557 729 2600 dismembratos
757 2563 802 2600 et
830 2562 1061 2612 separatos
1089 2555 1233 2596 eidem
1266 2551 1480 2594 Societati
1504 2551 1563 2592 ad
1587 2551 1799 2592 effectum

112 2626 158 2668 in
204 2627 326 2669 dicta
371 2627 505 2670 domo
550 2628 689 2684 ipsius
735 2627 971 2670 Societatis
1016 2624 1248 2679 collegium
1294 2620 1587 2677 permanendi
1633 2619 1799 2675 piaque

62 2718 101 2745 35
113 2711 250 2752 opera
280 2698 512 2753 praedicta
543 2699 791 2741 exercendi.
828 2699 989 2753 Itaque
1021 2696 1151 2737 liceat
1184 2693 1388 2749 praefato
1421 2691 1608 2735 Claudio
1640 2694 1685 2732 et
1717 2703 1799 2744 pro

113 2772 316 2823 tempore
356 2768 655 2811 existentibus
696 2769 895 2811 eiusdem
936 2764 1171 2810 Societatis
1212 2762 1478 2819 praepositis
1518 2760 1800 2817 generalibus

113 2838 428 2893 superioribus,
479 2839 686 2895 patribus
734 2839 932 2894 dictique
980 2835 1148 2890 collegii
1195 2833 1357 2876 rectori
1404 2838 1448 2875 et
1497 2830 1799 2886 collegialibus

113 2908 313 2963 personis
347 2924 426 2965 per
459 2924 505 2952 se
539 2910 613 2952 vel
647 2910 787 2952 alium
821 2923 898 2951 seu
933 2907 1041 2950 alios
1076 2919 1155 2947 suo
1190 2910 1235 2946 et
1271 2903 1507 2946 Societatis
1542 2916 1594 2944 ac
1629 2899 1800 2955 collegii

111 2978 370 3022 huiusmodi
404 2980 585 3023 nomine
621 2980 911 3036 corporalem,
935 2977 1098 3020 realem
1134 2980 1179 3017 et
1215 2974 1439 3017 actualem
1474 2971 1800 3028 possessionem

63 3088 102 3115 40
241 3080 255 3100 1
282 3081 317 3113 A
352 3081 574 3115 kovetkezt')
611 3082 686 3124 (96.
724 3080 876 3122 szamu)
916 3076 1298 3121 adomanylevelben
1332 3086 1352 3109 e
1389 3073 1454 3108 szo
1503 3073 1659 3117 helyett
1706 3071 1798 3115 igy:

114 3139 397 3183 praesentium.
