2188 3535
863 213 896 248 F
898 216 921 248 ϋ
925 214 1063 262 ggelek
1731 229 1749 264 3
1759 228 1771 252 1
1783 226 1799 262 5

118 343 176 371 ex
197 327 454 383 evangelica
475 328 656 370 officina
671 329 1005 387 depromptum,
1023 334 1274 391 Christique
1290 335 1499 391 preconio
1514 335 1804 385 celebratum,

118 399 278 449 vitam,
302 412 536 453 moresque
569 402 686 449 tuos,
723 400 818 443 Deo
853 403 1147 458 dignissimos,
1183 406 1440 448 hominibus
1472 406 1806 448 laudatissimos

120 471 371 514 effinxerat.
395 468 531 510 Enim
551 482 657 511 vero
679 471 881 513 nondum
897 473 1099 517 Christus
1120 477 1271 526 verbo,
1288 477 1456 519 nedum
1477 477 1682 531 exemplo
1703 476 1807 518 sub-

120 541 378 584 missionem
401 539 572 581 mundo
595 539 810 582 intulerat
835 546 880 584 et
904 558 1003 587 ecce
1027 545 1161 601 Virgo
1187 547 1330 589 Mater
1352 546 1610 589 humilitate
1634 560 1809 602 prome-

72 627 92 654 5
120 612 225 662 ruit,
260 611 397 653 beata
429 609 517 652 dici
550 610 610 652 ad
643 624 798 653 omnes
830 616 1129 667 generatione.
1180 617 1299 672 Quid
1331 631 1433 673 ergo
1467 617 1645 667 mirum,
1693 617 1730 659 si
1763 620 1807 659 et

122 682 468 736 Christophorus
505 681 623 722 hanc
664 680 816 723 animo
858 685 1116 739 complexus
1158 687 1389 738 virtutem,
1432 688 1511 730 sed
1552 702 1617 738 eo,
1662 688 1810 729 Deum

120 754 206 797 sibi
238 757 434 808 gratum,
470 765 522 793 ac
555 751 823 806 placabilem
855 754 1065 805 reddidit,
1101 771 1353 813 nomenque
1385 772 1519 801 suum
1551 757 1811 800 aeternitati

122 823 401 867 consecravit
422 822 439 864 ?

267 894 388 950 Quid
435 893 490 936 de
538 892 710 948 pietate
761 891 856 936 eius
912 894 959 936 in
1015 896 1163 938 Deum
1219 902 1263 939 et
1320 899 1541 955 religionis
1598 898 1812 953 antiquae

74 981 111 1009 10
123 965 393 1015 constantia,
434 978 539 1006 cum
575 963 756 1019 ipsimet
795 965 907 1006 haec
945 967 1137 1021 amplius
1175 969 1348 1023 experti
1386 969 1573 1020 fueritis,
1613 968 1813 1023 plerique

123 1040 327 1079 vestrum
360 1033 679 1077 indolueritis?
717 1034 811 1090 Age
846 1035 950 1077 licet
986 1042 1255 1092 rumpantur
1289 1039 1365 1081 ilia
1400 1040 1544 1089 Codri,
1582 1039 1814 1094 opiniones

122 1107 359 1150 hominum
400 1106 609 1156 illudant,
643 1119 773 1147 aures
816 1107 1102 1161 quorundam
1145 1109 1397 1151 diutuscule
1441 1111 1601 1159 ferant,
1645 1108 1813 1151 tacitus

123 1183 279 1220 tamen
322 1176 565 1232 praeterire
609 1176 733 1218 nullo
778 1177 913 1218 modo
958 1191 1154 1231 possum,
1201 1179 1383 1234 pietatis
1420 1185 1528 1223 tuae
1560 1179 1815 1234 exemplum

124 1247 428 1291 memorabile.
463 1247 648 1297 Aderas,
684 1251 736 1289 ut
769 1261 945 1302 semper
977 1249 1112 1291 sacris
1146 1251 1351 1304 operanti
1383 1249 1642 1293 ministeriis
1674 1262 1816 1291 sacer-

78 1334 112 1362 15
126 1319 237 1363 doti.
279 1318 366 1374 Qui
390 1332 571 1360 carmen
595 1317 779 1360 domino
803 1316 1017 1369 dicerent,
1043 1319 1280 1362 laudarent
1306 1321 1540 1363 dominum
1563 1320 1610 1362 in
1633 1319 1815 1374 hymnis

125 1396 170 1433 et
220 1389 421 1440 canticis,
473 1389 701 1444 melosque
751 1388 1037 1431 concinerent
1086 1391 1299 1446 perpauci
1348 1392 1551 1434 aderant.
1603 1391 1814 1438 Deerant,

126 1462 205 1518 qui
227 1461 367 1503 verba
391 1460 449 1502 ab
473 1460 606 1502 altari
629 1459 875 1502 sacerdotis
899 1460 958 1501 ab
983 1475 1056 1503 ore
1080 1465 1270 1516 excepta
1293 1462 1470 1516 placitis
1494 1463 1590 1503 Deo
1614 1459 1816 1502 modula-

125 1536 282 1575 rentur
317 1531 518 1573 vocibus.
558 1531 619 1573 Et
657 1543 757 1573 ecce
793 1534 978 1586 repente
1015 1546 1159 1574 novus
1196 1533 1382 1588 emergis
1419 1532 1600 1587 psaltes,
1619 1531 1818 1577 ,iunctus

128 1603 257 1645 fratri
307 1601 626 1657 augustissimo
676 1601 952 1645 Polonorum
1002 1603 1107 1658 regi,
1160 1616 1341 1645 carmen
1391 1603 1549 1645 ordiris
1599 1602 1818 1644 divinum.

78 1688 116 1717 20
129 1673 375 1717 Benedicta
396 1673 454 1715 sit
479 1671 646 1714 Sancta
667 1672 879 1722 Trinitas,
913 1672 1203 1729 insonuitque
1225 1674 1449 1728 templum
1469 1672 1772 1728 Somlyoiense
1794 1685 1820 1712 a

128 1745 366 1788 maiestate
395 1744 519 1786 vocis
551 1748 742 1786 vestrae.
785 1743 904 1799 Quid
932 1744 1018 1785 hoc
1046 1744 1230 1800 pietatis
1259 1744 1519 1786 testimonio
1549 1741 1819 1798 augustius?

135 1816 255 1872 Quid
275 1815 335 1857 ad
356 1815 593 1857 hominum
614 1814 880 1856 memoriam
902 1814 1080 1870 dignius
1097 1815 1114 1857 ?
1135 1816 1462 1857 Attestandam
1482 1813 1704 1870 religionis
1720 1826 1823 1854 con-

128 1887 349 1929 stantiam
383 1885 755 1927 accomodatius?
793 1884 970 1927 Cernite
1000 1886 1229 1928 auditores
1246 1890 1291 1928 et
1313 1885 1536 1927 miremini
1558 1884 1722 1933 fideles,
1746 1883 1825 1924 ob-

128 1957 374 2012 stupescite
390 1954 558 1998 ordinis
573 1956 789 2012 cuiusque
805 1970 858 1998 ac
873 1955 1109 2012 dignitatis
1125 1957 1344 1999 homines.
1370 1957 1472 1999 Duo
1494 1957 1647 1998 heroes
1663 1955 1824 1995 horum

81 2028 420 2084 25psallentium
439 2027 740 2078 constituunt,
762 2041 841 2068 rex
860 2028 1134 2070 Polonorum
1165 2042 1295 2078 unus,
1329 2028 1535 2082 princeps
1555 2024 1823 2078 Transylva-

130 2100 231 2141 niae
253 2099 380 2140 alter.
404 2098 533 2140 Unus
555 2098 740 2140 rectoris
761 2098 898 2149 chori,
922 2099 1179 2141 scholastici
1200 2099 1314 2140 alter
1335 2098 1470 2139 officii
1491 2097 1636 2138 vicem
1657 2093 1820 2148 explet.

130 2170 258 2212 Felix
288 2168 522 2224 presbiter,
555 2168 633 2224 qui
663 2169 832 2211 talibus
863 2170 1025 2225 dignus
1056 2170 1143 2211 fuit
1175 2168 1448 2211 cantoribus
1482 2167 1650 2208 Beatae
1681 2177 1823 2211 aures,

132 2255 248 2296 quae
288 2239 429 2282 vestri
469 2239 704 2281 dulcedine
744 2244 906 2282 cantus
948 2240 1333 2283 demulcebantur.
1377 2238 1473 2287 His,
1516 2236 1598 2286 his,
1639 2235 1827 2289 inquam

133 2312 321 2361 artibus,
351 2310 462 2354 mihi
489 2310 671 2360 credite,
702 2310 932 2361 Bathorei,
961 2324 1148 2366 regnum
1176 2310 1304 2351 vobis
1332 2313 1376 2350 et
1404 2307 1592 2363 gloriam
1618 2303 1825 2360 parastis,

84 2396 121 2424 30
133 2382 203 2425 his
235 2383 368 2424 rebus
401 2380 615 2422 victorias
649 2395 702 2423 ac
734 2381 990 2436 triumphos
1029 2380 1276 2436 peperistis,
1312 2379 1489 2434 quibus,
1525 2376 1610 2418 nisi
1642 2372 1831 2430 posteri-

134 2457 206 2495 tas
237 2456 390 2494 vestra
422 2451 604 2501 existat,
638 2466 684 2493 se
716 2465 889 2508 suaque
921 2452 1073 2494 omnia
1104 2465 1229 2493 ruere
1260 2450 1306 2490 in
1338 2448 1477 2504 peiuS,
1512 2461 1564 2489 ac
1594 2450 1714 2488 retro
1745 2444 1830 2485 sub

134 2524 261 2579 lapsa
289 2522 443 2565 referri
471 2522 651 2566 sentiet.
691 2522 866 2578 Quibus
895 2523 1015 2564 enim
1044 2536 1179 2577 regna
1206 2520 1380 2562 artibus
1407 2522 1642 2574 parantur,
1672 2515 1832 2557 iisdem

136 2599 181 2637 et
233 2598 575 2636 conservantur.

254 2665 361 2707 Dixi
396 2664 450 2706 de
483 2663 646 2706 studiis
677 2664 947 2713 iuventutis,
995 2663 1266 2718 quibusnam
1298 2659 1523 2701 virtutum
1556 2653 1833 2700 ornamentis

87 2750 124 2777 35
138 2736 341 2778 animum
378 2735 425 2777 in
464 2735 587 2776 omni
625 2734 718 2776 vita
761 2734 1020 2783 excoluerit,
1069 2731 1272 2774 audistis.
1326 2730 1459 2772 Nunc
1510 2726 1738 2784 quomodo
1776 2724 1835 2765 ad

136 2806 440 2861 gubernacula
473 2805 744 2861 reipublicae
779 2804 1000 2853 acesserit,
1036 2803 1305 2857 clavumque
1349 2799 1559 2848 tenuerit,
1602 2794 1829 2851 accipite.⁴

139 2900 293 2949 (Ujabb
313 2903 510 2938 masolata
530 2914 576 2937 az
597 2903 790 2947 Orszagos
811 2901 977 2936 leveltar
996 2900 1119 2933 «Acta
1138 2898 1298 2944 publica
1317 2895 1629 2941 Transylvaniae
1650 2894 1701 2928 ab
1722 2901 1827 2926 anno

534 2965 798 3007 1583—1594»
827 2960 955 2996 cziml'i
982 2960 1117 2993 kotete
1146 2966 1255 3001 2—5.
1283 2956 1451 3003 lapjan.)

268 3056 285 3078 ⁴
311 3057 347 3091 A
365 3057 457 3103 szep
477 3056 689 3091 beszedbol
708 3057 808 3090 tobb
828 3056 1002 3094 nincsen,
1024 3056 1126 3086 mert
1144 3053 1197 3086 itt
1216 3063 1236 3086 e
1257 3051 1329 3097 par
1347 3050 1413 3084 szo
1433 3049 1557 3083 utan:
1585 3048 1710 3092 Quam
1732 3048 1830 3092 quod

92 3116 275 3151 wattinet
302 3117 541 3161 megszakad
559 3126 578 3150 s
602 3115 725 3150 mivel
748 3112 1011 3159 ugyanannyi
1037 3113 1128 3146 sires
1149 3112 1217 3157 lap
1241 3107 1484 3145 kovetkezik
1509 3106 1650 3147 utana,
1675 3106 1781 3141 mint
1808 3117 1832 3140 a

143 3174 308 3221 mennyi
338 3175 469 3210 belole
494 3175 529 3209 le
551 3185 631 3210 van
649 3175 750 3215 irva,
769 3184 790 3208 e
810 3171 976 3207 szonoki
999 3170 1148 3205 mt‘mek
1165 3169 1302 3214 sajnos
1320 3167 1415 3204 csak
1434 3167 1509 3203 fele
1528 3164 1691 3202 maradt
1707 3163 1833 3200 reank
