2188 3535
287 178 354 223 158
1044 171 1117 205 No,
1155 173 1201 217 58
1651 171 1763 216 [1581
1800 180 1889 214 aug.
1926 182 1972 206 22

283 293 602 350 unusquisque,
636 290 758 348 quod
788 291 957 331 bonum
989 293 1055 330 est
1087 288 1133 330 in
1164 287 1303 331 0611115
1333 288 1437 339 51115,
1475 288 1683 331 faciebat.
1717 287 1972 342 Janitorem

284 369 433 406 servat
481 368 716 405 externum
763 358 990 415 quendam
1036 373 1329 414 germanum:
1379 373 1537 402 cocum
1584 363 1822 401 externum
1867 371 1972 399 cum

285 434 460 476 duobus
488 432 664 488 pueris;
695 430 778 472 sibi
808 434 958 471 servat
988 443 1179 484 puerum
1206 444 1349 472 unum
1378 430 1613 480 Polonum‚
1645 428 1723 485 qui
1744 428 1783 471 ei
1805 428 1973 471 lectum

284 504 456 552 sternit,
491 501 746 544 cubiculum
779 504 956 555 purgat,
992 499 1128 555 pedes
1160 500 1285 543 lavat
1319 505 1363 543 et
1396 500 1467 543 hic
1501 515 1604 543 cum
1639 499 1856 542 fratribus
1877 498 1974 540 aliis

286 574 464 617 Polonis
515 572 560 613 in
612 570 816 613 vestibus
867 570 1170 614 saecularibus
1218 571 1264 613 in
1328 571 1602 613 recreatione
1667 574 1972 613 conversatur.
2004 585 2024 613 5

291 643 480 700 Quando
504 641 652 698 egredi
676 640 775 684 vult
800 655 823 683 e
847 640 1031 696 collegio
1054 655 1200 692 curru,
1226 656 1317 684 non
1340 647 1407 684 est
1432 646 1673 684 contentus
1703 641 1816 683 duos
1836 653 1976 696 equos

284 713 430 756 currui
458 713 651 768 iungere,
683 711 762 754 sed
790 716 987 767 quatuor
1014 712 1188 768 iungit:
1223 727 1278 755 ex
1307 712 1528 755 libertinis
1556 725 1581 766 3
1611 716 1691 754 aut
1720 724 1747 766 4
1775 711 1822 753 in
1850 710 1977 767 equis

284 783 545 827 antecedere
573 788 652 825 aut
681 781 892 838 subsequi
921 782 1059 825 iubet.
1092 783 1206 826 Sunt
1235 788 1390 826 autem
1421 782 1618 826 libertini
1646 782 1791 825 coloni
1818 780 1975 831 nostri,

283 868 395 911 quos
430 855 476 896 in
511 855 631 896 hunc
667 854 803 896 finem
839 853 1049 895 libertate
1088 854 1291 904 donavit,
1329 859 1381 896 ut
1418 868 1593 910 semper
1629 852 1793 895 armati
1829 851 2027 931 parati⁰

283 926 371 968 sint
395 925 454 968 ad
476 925 641 974 omnia,
666 924 712 966 in
735 924 900 980 quibus
922 938 1077 967 eorum
1100 939 1235 981 opera
1263 925 1331 967 uti
1354 925 1560 967 voluerit.
1587 925 1642 966 In
1664 923 1846 980 templis
1867 903 2027 965 111111110

282 997 502 1038 11361611115
553 995 732 1038 refecit.
788 1000 974 1037 manent
1027 1000 1122 1038 tam
1182 996 1267 1047 hic,
1322 1010 1460 1052 quam
1515 995 1561 1038 in
1616 995 1978 1039 Colosmonostra

285 1068 506 1109 fenestrae
550 1067 823 1122 templorum
868 1071 1050 1122 apertae
1071 1080 1080 1117 ;
1141 1066 1261 1109 vitra
1317 1067 1376 1109 ab
1425 1066 1662 1108 haereticis
1705 1066 1812 1108 olim
1856 1065 1979 1107 fuere

285 1151 483 1180 excussa.
529 1137 794 1179 Iniunxerat
836 1137 875 1179 ei
916 1137 1215 1193 provincialis,
1258 1142 1308 1180 ut
1345 1137 1443 1180 illas
1475 1137 1716 1187 clauderet,
1759 1136 1838 1179 sed
1869 1149 1978 1178 non-

287 1209 395 1251 dum
418 1213 484 1250 est
508 1208 694 1250 factum.
731 1208 872 1263 Saepe
894 1213 1058 1250 ventus
1087 1208 1329 1251 celebranti
1351 1208 1549 1251 hostiam
1571 1223 1626 1250 ex
1648 1207 1780 1251 altari
1800 1206 1950 1250 aufert
1967 1219 1977 1257 ;

287 1279 479 1335 parietes
510 1284 696 1322 manent
729 1279 949 1334 denigrati
982 1284 1026 1321 et
1060 1279 1290 1335 deturpati
1323 1293 1349 1321 a
1381 1279 1557 1334 pluviis.
1992 1293 2028 1321 15

402 1350 500 1392 Iam
525 1364 630 1392 vero
654 1349 699 1391 in
725 1354 1012 1391 externarum
1037 1364 1184 1392 rerum
1217 1364 1323 1392 61113
1347 1355 1391 1392 61
1417 1349 1807 1392 administratione
1831 1361 1978 1391 versa·

287 1426 361 1463 tur
396 1435 559 1476 magno
595 1420 806 1463 scandalo
842 1420 1164 1463 catholicorum
1201 1426 1244 1462 et
1280 1421 1632 1463 haereticorum:
1681 1419 1980 1463 communiter

289 1506 379 1534 non
402 1497 583 1534 tantum
607 1491 652 1533 in
674 1492 759 1533 hac
782 1491 981 1540 civitate,
1007 1492 1085 1534 sed
1106 1491 1152 1533 in
1175 1496 1275 1533 tota
1297 1492 1624 1547 Transylvania
1646 1492 1705 1533 ad
1732 1490 1979 1534 maximam

289 1563 430 1604 totius
468 1562 704 1605 Societatis
741 1561 1046 1617 ignominiam,
1087 1567 1276 1604 vocatur
1319 1563 1454 1604 homo
1492 1562 1681 1604 crudelis
1718 1566 1762 1604 et
1800 1574 1976 1604 avarus.

290 1634 348 1675 Et
371 1638 423 1675 ut
446 1638 685 1688 cognoscat
706 1634 805 1674 Tua
821 1634 874 1675 R.
900 1633 1156 1675 Paternitas
1178 1633 1300 1689 vulgi
1322 1647 1546 1676 rumorem
1569 1647 1659 1675 non
1682 1647 1775 1675 esse
1797 1631 1979 1675 omnino
1993 1646 2029 1674 20

289 1718 472 1754 vanum,
497 1703 730 1746 subiiciam
753 1703 925 1760 aliquot
958 1703 1246 1758 particularia
1277 1704 1494 1760 exempla.
1528 1705 1582 1746 In
1611 1703 1848 1747 vindemiis
1877 1717 1980 1745 cum

291 1775 486 1817 decimas
517 1775 609 1817 vini
640 1774 834 1829 exigeret
866 1775 924 1816 ab
954 1774 1019 1824 iis,
1053 1775 1130 1830 qui
1160 1774 1206 1816 in
1237 1780 1391 1817 nostro
1425 1780 1579 1817 monte
1611 1774 1765 1817 vineas
1793 1775 1977 1823 habent,

290 1845 456 1888 nemini
479 1859 558 1887 nec
581 1845 814 1895 catholico,
833 1859 913 1886 nec
936 1845 1175 1896 haeretico,
1198 1860 1254 1887 ne
1275 1860 1417 1888 unum
1439 1845 1622 1902 quidem
1644 1846 1866 1901 scyphum
1888 1844 1981 1887 vini

291 1917 543 1958 condonare
568 1916 710 1958 voluit
733 1929 739 1957 :
767 1916 886 1958 idem
911 1921 955 1957 et
979 1916 1026 1958 in
1050 1916 1233 1958 decimis
1256 1916 1395 1958 tritici
1419 1916 1648 1973 exigendis
1671 1916 1790 1959 fecit.
1816 1915 1981 1959 Viden-

290 1992 358 2029 tes
386 1988 495 2029 haec
525 1986 710 2042 quidam
741 1986 950 2029 dixerunt
981 2001 1026 2029 se
1056 1987 1281 2030 neminem
1311 2001 1365 2029 ex
1395 1987 1617 2037 omnibus,
1649 1987 1726 2043 qui
1755 1988 1875 2030 bona
1903 1986 1978 2028 illa
1996 2000 2032 2029 25

290 2058 584 2113 possederunt
608 2063 704 2099 tam
727 2071 913 2113 parcum
936 2057 1112 2100 vidisse.
1140 2057 1263 2100 Licet
1287 2058 1406 2101 enim
1429 2058 1748 2114 praecedentes
1769 2057 1982 2100 haeretici

290 2128 470 2178 fuerint,
492 2129 641 2171 nullus
660 2133 814 2170 tamen
833 2129 891 2170 ad
911 2134 1007 2171 tam
1026 2128 1226 2171 minutas
1245 2143 1314 2171 res
1333 2129 1578 2179 descendit,
1600 2143 1680 2172 nec
1699 2134 1797 2172 tam
1815 2128 1983 2185 rigidus

290 2204 474 2241 exactor
493 2199 592 2241 fuit.
617 2199 734 2242 Item
755 2199 986 2241 mendicus
1006 2199 1192 2256 quidam
1212 2214 1385 2256 pauper
1402 2200 1448 2242 in
1468 2214 1583 2257 pago
1603 2205 1758 2244 nostro
1777 2204 1984 2242 mortuus

291 2275 386 2312 cst:
424 2270 604 2326 reliquit
640 2270 842 2326 cognatis
876 2270 1041 2313 valoris
1076 2271 1214 2313 trium
1249 2276 1329 2313 aut
1364 2276 1562 2328 quatuor
1595 2272 1865 2314 florenorum
1899 2284 1980 2312 res.

293 2342 387 2383 Has
428 2355 496 2383 res
531 2341 576 2382 in
613 2341 748 2384 cistas
801 2341 968 2383 includi
1003 2341 1132 2384 iussit
1169 2347 1213 2384 et
1249 2342 1295 2384 in
1331 2347 1530 2385 castrum
1565 2347 1771 2385 nostrum
1807 2341 1981 2390 deferri,
1998 2355 2035 2382 30

293 2412 442 2454 dicens
467 2412 525 2454 ad
550 2426 596 2454 se
620 2412 718 2454 illas
743 2412 978 2468 pertinere,
1007 2412 1131 2468 quod
1154 2412 1226 2455 ille
1252 2413 1345 2455 sine
1370 2413 1561 2456 haerede
1586 2418 1702 2455 esset
1727 2412 1980 2455 defunctus.

293 2483 520 2537 Cognatus
544 2482 746 2525 defuncti
771 2483 837 2525 ita
860 2484 943 2525 hac
969 2497 1015 2526 re
1039 2489 1107 2526 est
1132 2484 1342 2533 offensus,
1369 2489 1420 2526 ut
1446 2484 1612 2540 cogitet
1638 2484 1725 2526 alio
1749 2498 1804 2526 ex
1829 2487 1984 2525 nostro

294 2567 408 2608 pago
431 2553 633 2609 migrare.
662 2555 779 2596 Item
804 2568 858 2596 ex
882 2568 998 2610 pago
1022 2559 1177 2597 nostro
1202 2555 1318 2597 Bacs
1341 2555 1496 2598 decem
1519 2556 1603 2597 hoc
1628 2569 1746 2597 anno
1770 2568 1793 2596 e
1816 2553 1984 2595 colonis

294 2623 457 2665 nostris
473 2624 530 2665 ad
546 2625 712 2667 bellum
729 2625 1071 2668 Moscoviticum
1085 2625 1274 2681 profecti
1289 2631 1408 2676 sunt,
1425 2626 1596 2668 nullam
1609 2625 1743 2668 aliam
1756 2624 1984 2680 assignan-

296 2699 364 2736 tes
383 2708 577 2744 causam,
599 2709 737 2751 quam
757 2696 880 2752 quod
898 2710 988 2738 non
1008 2701 1191 2752 possent
1211 2697 1295 2739 sub
1315 2702 1411 2739 tam
1431 2696 1598 2739 crudeli
1617 2695 1797 2739 homine
1816 2695 1980 2737 vivere.
1998 2708 2034 2736 35

411 2765 464 2806 In
509 2770 627 2808 terra
669 2767 859 2809 istorum
903 2767 1194 2809 Bacsensium
1239 2767 1368 2823 sylva
1411 2772 1478 2810 est
1522 2767 1761 2823 glandibus
1804 2765 1982 2815 referta,

297 2835 460 2891 quibus
496 2836 617 2890 porci
655 2837 850 2887 aluntur,
891 2852 945 2880 ex
982 2838 1147 2894 quibus
1184 2837 1383 2880 decimae
1419 2838 1549 2880 nobis
1586 2837 1780 2880 dantur:
1821 2837 1880 2878 ab
1916 2836 1985 2878 his

290 2896 480 2947 ¹decimis
507 2906 715 2949 dicebant
745 2909 990 2951 Bacsenses
1017 2923 1062 2951 se
1089 2908 1251 2951 liberos
1278 2922 1399 2951 esse:
1432 2909 1487 2951 de
1513 2908 1582 2951 his
1610 2907 1794 2950 decimis
1820 2906 1985 2949 iudicio

297 2976 529 3018 contendit
579 2991 680 3019 cum
728 2978 813 3021 illis
861 2984 906 3021 et
954 2979 1150 3034 primum
1199 2979 1313 3021 dixit
1363 2993 1408 3021 se
1456 2979 1502 3021 in
1537 2993 1588 3021 eo
1623 2978 1983 3034 conquieturum,

297 3047 420 3103 quod
451 3046 721 3089 iudicassent
754 3049 895 3091 nostri
918 3049 1321 3092 Monostorienses:
1360 3064 1553 3106 cumque
1585 3049 1647 3091 illi
1679 3063 1760 3105 pro
1793 3050 2036 3092 Bacsen-4o

298 3118 421 3160 sibus
450 3117 735 3168 iudicassent,
767 3134 857 3162 non
887 3121 1059 3176 quievit
1090 3120 1136 3162 in
1166 3134 1320 3163 eorum
1351 3120 1588 3170 sententia,
1620 3124 1672 3162 ut
1703 3118 1983 3176 promiserat,
