2188 3535
354 208 402 241 24
1123 189 1198 223 No.
1237 198 1276 222 11
1698 186 1813 231 [1575
1847 185 1970 230 szept.
2006 193 2057 230 30

352 313 624 362 humiliabit,
662 317 707 355 et
743 310 913 353 celebre
944 307 1108 350 efficiet
1139 319 1305 348 nomen
1335 309 1470 347 tuum
1499 318 1653 347 coram
1693 302 1972 360 principibus
2006 306 2053 345 et

353 387 544 442 regibus.
582 385 652 426 Sic
686 383 805 424 enim
839 381 945 421 olim
980 392 1059 432 per
1092 378 1363 432 prophetam
1398 376 1624 431 pollicitus
1659 380 1757 417 est:
1798 374 2056 430 Quicunque

354 453 696 507 honorificaverit
731 465 812 500 me,
852 448 1096 505 glorificabo
1133 460 1264 489 eum:
1323 447 1400 502 qui
1452 451 1595 488 autem
1647 449 1923 488 contemnunt
1974 458 2054 494 me,

356 531 479 569 erunt
526 523 753 580 ignobiles.
807 521 905 561 lam
954 519 1093 560 etiam
1143 517 1420 572 amplissimo
1469 517 1766 558 cardinalium
1816 515 1962 557 ordini
2010 519 2053 556 et

359 608 536 639 summo
564 589 772 648 pontifici
800 588 966 631 Christi
993 587 1040 629 in
1067 586 1197 630 terris
1211 586 1403 636 Vicario‚
1433 590 1646 629 constans
1674 590 1719 628 et
1747 585 1919 627 sincera
1945 584 2057 627 fides
2087 594 2107 622 5

357 671 437 708 tua
455 668 567 706 nota
585 661 679 704 fieri
700 659 872 715 incipit,
894 663 939 701 et
960 658 1158 701 Romani
1177 672 1247 700 res
1266 662 1370 700 tuas
1389 661 1540 713 gestas
1559 656 1715 699 audire
1734 660 1779 698 et
1799 655 2057 711 praedicare
2175 653 2182 765 Ι

356 736 647 778 vehementer
682 730 886 786 cupiunt.

473 804 587 846 Sunt
623 802 670 844 in
705 802 791 843 hac
827 800 955 851 urbe,
993 799 1202 855 princeps
1238 799 1355 849 Illme,
1392 797 1575 854 plurimi
1604 797 1690 839 viri
1725 796 1800 852 pii,
1839 795 1918 852 qui
1954 795 2058 838 licet

356 888 592 930 nunquam
630 877 676 915 te
717 870 929 921 viderint,
970 885 1052 926 pro
1090 874 1136 912 te
1174 874 1331 912 tamen
1367 873 1413 911 et
1451 868 1608 924 populi
1646 867 1715 910 tui
1752 866 2056 915 conversione,
2157 918 2163 921 Λ

356 959 508 1002 preces
527 944 588 987 ad
606 945 756 986 Deum
777 942 964 984 fundere
984 955 1076 983 non
1095 944 1290 983 cessant.
1313 941 1569 995 Magnaque
1589 943 1657 981 est
1676 937 1882 981 omnium
1901 950 2059 993 expec-
2075 946 2110 974 10

356 1016 486 1065 tatio,
512 1020 594 1058 tua
617 1013 875 1070 prudentia,
905 1012 1073 1061 studio,
1098 1012 1253 1053 labore
1276 1014 1322 1052 et
1346 1009 1578 1065 diligentia
1601 1008 1879 1051 exstinctam
1901 1021 2060 1064 prope-

357 1087 545 1130 modum
588 1085 680 1128 iam
723 1084 862 1126 fidem
909 1082 1185 1126 catholicam
1230 1081 1277 1123 in
1319 1080 1663 1136 Transylvaffla,
1726 1079 1849 1121 intra
1891 1091 2061 1134 paucos

358 1171 500 1201 annos
523 1157 617 1199 fore
635 1154 1008 1198 resuscitandam.
1049 1154 1175 1209 Quae
1197 1166 1253 1194 ne
1275 1165 1376 1207 spes
1398 1165 1473 1194 eos
1495 1151 1637 1199 fallat,
1664 1155 1770 1192 tuae
1793 1148 2061 1206 prudentiae

358 1234 426 1271 est
445 1227 694 1284 providere.
716 1227 814 1281 Ego
833 1239 942 1267 vero
964 1225 1050 1267 hac
1069 1224 1115 1265 in
1133 1237 1179 1266 re
1202 1224 1444 1279 (quantum
1463 1221 1575 1264 mihi
1593 1235 1673 1277 per
1691 1220 1941 1276 superiores
1958 1233 2063 1262 con·

359 1313 534 1342 cessum
556 1297 705 1352 fuerit)
733 1311 917 1339 omnem
949 1309 1100 1337 meam
1129 1293 1214 1335 tibi
1241 1307 1425 1349 operam
1453 1297 1498 1335 et
1528 1291 1809 1347 diligentiam
1837 1291 2060 1347 polliceor.
2080 1300 2115 1328 15

360 1370 449 1413 Sed
470 1374 516 1411 et
539 1367 824 1424 praepositus
853 1371 1006 1409 noster
1023 1364 1268 1413 Generalis,
1289 1364 1402 1406 miro
1427 1363 1648 1405 desiderio
1672 1367 1854 1405 tenetur
1876 1360 2064 1403 iuvandi

359 1439 752 1496 Transylvaniam,
791 1437 870 1494 qui
903 1438 1029 1479 Tuae
1071 1436 1190 1478 Illmae
1230 1434 1542 1477 Dominationi
1584 1438 1629 1476 et
1671 1433 1911 1489 magistros
1938 1432 2064 1474 scho-

360 1512 507 1553 larum
531 1514 575 1552 et
600 1509 830 1552 ministros
853 1507 980 1550 verbi
1003 1506 1088 1549 Dei
1112 1505 1403 1561 suppeditare
1426 1509 1578 1560 potest
1597 1517 1606 1554 ;
1632 1509 1677 1546 et
1697 1504 1789 1546 iam
1809 1504 1900 1546 Sua
1922 1505 2065 1546 Reve-

362 1581 508 1624 rentia
543 1581 758 1636 selegerat
796 1591 849 1621 10
885 1583 965 1620 aut
1008 1590 1062 1619 12
1099 1581 1264 1633 patres,
1303 1590 1416 1632 quos
1451 1589 1604 1617 mense
1641 1574 1897 1630 Septembri
1935 1575 2002 1629 (ut
2038 1587 2066 1615 a

363 1651 634 1696 Provinciali
668 1649 879 1692 Austriae
926 1649 1050 1690 Tuae
1091 1647 1209 1689 Ill¹¹s¹²²¹e
1250 1646 1563 1689 Dominationi
1594 1646 1742 1688 fuerat
1773 1643 2061 1701 promissum)
2080 1653 2118 1682 20

364 1723 625 1765 decreverat
661 1720 707 1762 in
728 1719 1109 1775 Transylvaniam
1144 1718 1380 1773 ablegare;
1419 1717 1700 1772 fuissentque
1736 1716 1892 1772 procul
1927 1714 2067 1757 dubio

363 1794 448 1836 hoc
473 1806 593 1835 anno
616 1791 782 1833 iubileo
806 1789 1010 1846 profecti,
1046 1788 1131 1831 nisi
1161 1790 1332 1832 bellum
1363 1787 1687 1843 impedivisset,
1723 1787 1800 1843 qui
1832 1786 1924 1828 iam
1956 1785 2066 1828 nihil

366 1864 490 1906 aliud
515 1862 863 1919 praestolantur,
891 1875 1030 1917 quam
1051 1864 1103 1902 ut
1129 1859 1291 1902 itinera
1316 1859 1362 1900 in
1383 1858 1549 1900 finibus
1572 1857 1833 1913 Hungariae
1856 1862 1901 1900 et
1927 1857 2067 1899 Tran-

366 1933 599 1990 sylvaniae
617 1933 852 1989 aliquanto
871 1932 960 1974 sint
980 1931 1162 1973 tutiora.
1179 1931 1276 1986 Ego
1291 1944 1471 1986 quoque
1486 1943 1628 1985 spero,
1644 1943 1716 1971 me
1729 1928 1856 1971 brevi
1868 1927 2068 1970 Viennae

370 2005 589 2054 futurum,
632 2008 684 2045 ut
714 2003 817 2045 hinc
847 2007 983 2045 nacta
1012 2002 1158 2057 prima
1186 2000 1496 2057 proficiscendi
1525 1999 1866 2048 commoditate,
1898 1998 2067 2055 possim
2084 2010 2120 2038 25

369 2090 472 2118 cum
495 2074 738 2117 comitibus
760 2073 998 2129 assignatis
1016 2072 1241 2115 celerrime
1265 2071 1323 2113 ad
1350 2072 1496 2113 Tuam
1529 2071 1663 2112 mmm
1696 2069 2067 2112 Dominationem

367 2146 660 2189 transvolare.
678 2145 776 2186 Tua
802 2143 983 2186 interim
1014 2143 1117 2184 Illma
1134 2142 1398 2185 Dominatio
1416 2141 1626 2183 tarditati
1659 2146 1840 2184 nostrae
1863 2140 2067 2197 ignoscat

368 2222 413 2260 et
442 2217 600 2259 eadem
627 2215 928 2263 humanitate,
960 2213 1239 2269 benignitate
1272 2218 1316 2254 et
1346 2212 1583 2268 patientia,
1615 2226 1704 2268 qua
1734 2226 1815 2254 nos
1842 2212 2063 2254 hactenus

370 2287 598 2336 sustinuit,
631 2287 716 2328 hoc
749 2299 929 2342 quoque
958 2284 1138 2327 residuo
1167 2288 1212 2326 et
1243 2283 1420 2325 modico
1450 2288 1655 2338 tempore
1684 2287 1945 2338 exspectare
1974 2296 2064 2324 non

373 2363 598 2414 gravetur.
645 2357 802 2399 Servet
844 2361 890 2398 te
925 2355 1140 2404 Christus,
1185 2354 1393 2410 princeps
1435 2354 1551 2403 Illmff,
1596 2353 1726 2396 nobis
1767 2358 1812 2395 et
1855 2352 2064 2396 ecclesiae
2080 2367 2117 2395 3ο

375 2443 481 2472 suae
514 2428 765 2470 diutissime
797 2427 1082 2469 incolumem.

487 2501 637 2542 Datae
677 2501 864 2547 Romae,
897 2512 920 2539 e
950 2495 1298 2553 poenitentiaria
1329 2495 1547 2537 Basilicae
1579 2495 1799 2550 Principis
1830 2494 2068 2550 Apostolo-

373 2585 491 2619 rum,
525 2569 673 2612 Pridie
705 2569 936 2611 Kalendas
968 2567 1190 2616 Octobris,
1232 2580 1351 2609 anno
1391 2565 1542 2608 iubilei
1585 2577 1708 2620 1575.

488 2641 611 2682 Tuae
642 2640 761 2681 mm
799 2638 1133 2682 Dominationis
1173 2636 1508 2680 addictissimus

1179 2720 1435 2774 Stephanus
1466 2720 1632 2760 Arator
1663 2717 1923 2762 Pannonius
2082 2733 2120 2761 35

1026 2805 1108 2847 pro
1139 2795 1342 2846 tempore
1376 2789 1750 2845 poenitentiarius
1781 2788 2068 2844 apostolicus.

378 2894 582 2939 (Egykori‘i
605 2893 788 2933 masolat‚
808 2893 934 2927 romai
951 2892 1135 2926 vatikani
1153 2890 1356 2936 konyvtar
1370 2890 1462 2924 Vat.
1486 2890 1556 2924 lat.
1576 2890 1687 2933 6205.
1707 2890 1790 2924 ker.
1812 2889 2016 2933 156—157.
2032 2889 2075 2931 1.)
