2188 3535
94 226 188 270 1583
221 226 345 268 szept.
387 225 448 267 11]
856 226 930 260 No.
961 237 1007 271 97
1709 232 1780 268 305

91 342 236 385 colore
257 341 328 384 vel
348 340 525 397 ingenio
547 341 601 383 de
623 342 845 386 nullitatis
866 344 991 392 vitio,
1016 357 1093 385 seu
1113 342 1378 385 intentionis
1398 346 1581 384 nostrae
1602 341 1783 384 defectu

90 412 252 461 notari,
285 412 356 454 vel
386 411 497 454 alias
529 415 850 468 quoquomodo
872 414 1140 470 impugnari,
1176 428 1256 456 nec
1287 412 1508 462 renovari,
1547 412 1781 461 moderari,

91 482 340 533 retractari,
372 497 450 526 seu
479 483 539 525 ad
566 482 689 525 viam
717 483 824 526 iuris
859 484 1010 527 reduci
1044 489 1123 526 aut
1167 484 1353 526 domum
1397 483 1542 539 ipsam
1570 483 1785 526 adversus

92 554 190 596 illas
218 553 265 595 in
293 553 520 609 integrum
554 567 609 595 ex
656 554 817 609 quavis
864 555 1200 610 quantumlibet
1249 554 1494 596 iustissima
1543 559 1588 596 et
1637 568 1784 596 neces-

45 641 62 669 5
92 625 210 668 saria
257 638 393 667 causa
440 623 632 673 restitui,
671 638 749 666 seu
788 625 898 667 alias
936 625 1034 667 illas
1072 625 1390 681 impugnantes
1429 624 1475 666 in
1511 624 1676 667 iudicio
1714 625 1784 667 vel

93 699 223 739 extra
260 695 407 737 audiri
440 709 584 750 posse,
619 695 698 737 sed
735 695 831 738 illas
869 695 915 737 in
955 695 1163 737 omnibus
1192 701 1237 738 et
1263 710 1341 751 per
1365 695 1517 737 omnia
1542 695 1714 737 validas
1739 700 1783 737 et

93 766 296 809 efficaces
337 766 446 817 fore,
493 780 687 821 suosque
733 766 955 821 plenarios
993 767 1179 808 effectus
1216 765 1364 808 sortiri
1401 771 1445 808 et
1468 765 1786 808 inviolabiliter

93 836 336 886 observari,
357 836 571 893 dictoque
589 837 773 892 collegio
790 836 1025 892 suffragari
1047 841 1092 878 et
1114 836 1175 878 sic
1198 851 1275 892 per
1296 850 1602 892 quoscumque
1618 836 1785 878 iudices

94 913 140 951 et
161 907 492 950 commissarios
513 907 677 964 quavis
702 907 976 950 auctoritate
1008 909 1246 963 fungentes
1274 908 1455 949 sublata
1480 909 1542 949 eis
1564 912 1608 949 et
1631 921 1784 949 eorum

46 995 81 1023 10
95 978 279 1022 cuilibet
328 979 489 1035 quavis
544 978 675 1021 aliter
726 978 958 1020 iudicandi
1010 983 1056 1020 et
1100 978 1428 1032 interpretandi
1474 979 1691 1019 facultate
1739 982 1785 1020 et

95 1050 370 1092 auctoritate
399 1049 587 1092 iudicari
614 1054 660 1091 et
690 1049 885 1091 deffiniri
917 1049 1090 1096 debere,
1122 1062 1173 1090 ac
1201 1062 1255 1090 ex
1287 1062 1419 1097 nunc,
1444 1048 1480 1089 si
1501 1061 1627 1089 secus
1655 1061 1786 1102 super

94 1120 164 1163 his
191 1135 218 1163 a
243 1135 476 1177 quoquam
503 1120 666 1176 quavis
692 1119 967 1163 auctoritate
989 1119 1181 1161 scienter
1196 1119 1267 1160 vel
1285 1119 1543 1174 ignoranter
1568 1118 1785 1160 attentari

95 1191 347 1247 contigerit,
381 1191 559 1234 irritum
591 1196 637 1234 et
669 1191 802 1233 inane
834 1189 1126 1233 decernimus.
1178 1189 1418 1245 Quorcirca
1448 1187 1787 1230 Venerabilibus

95 1262 311 1305 fratribus
343 1262 508 1305 nostris
534 1297 542 1305 .
569 1299 576 1306 .
606 1264 637 1304 ,1
672 1262 766 1305 eius
802 1276 848 1304 se
884 1260 1060 1303 noverit
1097 1260 1392 1302 incursurum.

48 1348 83 1376 15
228 1334 402 1376 Datum
433 1336 620 1382 Romae,
654 1333 778 1389 apud
808 1333 1028 1375 Sanctum
1058 1332 1273 1373 Marcum.
1307 1332 1438 1372 Anno
1468 1328 1788 1371 incarnationis

95 1404 348 1448 dominicae
387 1405 512 1459 1583.
553 1405 712 1447 Idibus
748 1403 956 1459 Augusti.
998 1402 1295 1445 Pontificatus
1332 1400 1473 1443 nostri
1513 1414 1630 1442 anno
1681 1399 1787 1441 duo-

94 1475 283 1518 decimo.

229 1548 315 1589 Pro
350 1548 441 1590 Rm⁰
474 1546 658 1589 domino
693 1546 880 1589 Summo
911 1544 1124 1601 pontifice
1160 1545 1211 1586 A.
1250 1542 1552 1586 Sanfredinus.

723 1619 767 1661 C.
802 1618 854 1659 A.
889 1615 1143 1659 Glorierius.

49 1703 84 1730 20
1320 1686 1371 1727 A.
1407 1684 1461 1726 de
1493 1683 1673 1725 Alexiis.

98 1777 148 1820 (A
184 1776 386 1823 jezsuitak
425 1775 575 1811 reszere
618 1775 775 1810 keszsilt
813 1774 969 1808 XVIII.
1017 1773 1176 1807 szazadi
1215 1772 1415 1806 hivatalos
1455 1770 1638 1811 masolat‚
1681 1769 1724 1802 O.
1766 1770 1788 1801 1.

267 1835 431 1880 Erdelyi
457 1834 606 1868 fiskalis
635 1833 828 1868 leveltara
859 1832 998 1866 XXII.
1031 1843 1065 1866 a.
1098 1831 1312 1875 szekrenye
1344 1829 1391 1862 R.
1423 1829 1517 1862 fasc.
1555 1829 1628 1869 11.)

913 1951 984 1995 97.

590 2052 758 2103 Krakd,
793 2052 907 2106 1583
939 2050 1192 2107 szeptember
1225 2060 1292 2090 II.

49 2174 85 2204 25
352 2158 546 2209 Bathory
576 2159 726 2197 Istvan
754 2158 891 2210 kiraly
920 2170 969 2196 az
997 2155 1155 2207 erde'lyi
1185 2150 1539 2193 tanacsuraknak.

227 2253 342 2300 Κὲνί,
377 2253 634 2304 tdmogassa‘k
665 2252 945 2304 munkcijciban
979 2264 1002 2290 a
1036 2248 1221 2290 beindulo'
1253 2246 1300 2297 uj
1332 2243 1549 2285 kolozsvciri
1580 2242 1720 2280 rektort
1752 2242 1790 2279 ές

104 2313 182 2352 vele
211 2313 313 2352 tart6
344 2313 500 2352 ta‘rsaz't.

219 2399 477 2454 Stephanus
493 2400 578 2442 Dei
592 2399 738 2454 gratia
754 2410 834 2440 rex
851 2396 1076 2445 Poloniae,
1095 2398 1180 2436 etc.
1200 2392 1407 2444 Princeps
1424 2385 1787 2442 Transylvaniae.

222 2469 447 2525 Magnifici
492 2469 644 2512 fideles
688 2470 818 2512 nobis
863 2469 1031 2510 sincere
1074 2464 1239 2507 dilecti.
1286 2460 1487 2503 Salutem
1522 2461 1566 2498 et
1597 2456 1789 2511 gratiam

52 2556 89 2584 30
105 2544 308 2582 nostram
329 2541 510 2596 regiam.
534 2541 647 2584 Cum
668 2553 814 2582 novus
845 2544 991 2581 rector
1012 2536 1056 2577 in
1079 2534 1312 2588 collegium
1335 2528 1758 2582 Claudopolitanum
1774 2527 1790 2552 1

104 2611 343 2654 Societatis
375 2612 485 2666 Jesu
516 2626 621 2653 cum
658 2610 933 2666 quibusdam
965 2607 1062 2649 aliis
1093 2606 1186 2647 eius
1219 2601 1386 2645 ordinis
1417 2597 1675 2641 hominibus
1707 2596 1791 2652 piis

104 2687 148 2724 et
180 2681 326 2724 doctis
356 2683 488 2724 nobis
519 2682 867 2738 procurantibus
899 2684 1118 2721 venturus
1152 2675 1224 2723 sit,
1257 2673 1325 2713 vir
1356 2669 1519 2713 nobilis
1551 2674 1593 2710 et
1627 2680 1791 2722 magna

103 2751 323 2803 doctrina,
369 2754 691 2811 probitateque
735 2758 781 2794 et
826 2749 990 2793 eximia
1021 2745 1279 2802 praeditus:
1323 2740 1587 2783 Fidelitates
1617 2742 1791 2780 vestras

101 2824 352 2874 hortamur,
387 2824 528 2866 velint
550 2829 594 2866 et
618 2822 815 2872 rectoris,
840 2826 884 2864 et
907 2820 1128 2862 sociorum
1161 2815 1293 2863 illius,
1331 2826 1430 2854 eam
1460 2811 1624 2852 habere
1655 2809 1790 2850 ratio-

53 2908 88 2936 35
101 2908 220 2943 nem,
254 2908 346 2949 qua
375 2894 564 2949 intelligi
596 2896 653 2936 ab
686 2893 896 2935 omnibus
940 2888 1093 2945 possit,
1140 2884 1311 2926 nobiles
1342 2884 1462 2924 viros
1497 2885 1634 2936 atque
1666 2892 1790 2933 prae-

230 2994 243 3014 ¹
272 2995 328 3028 ΑΖ
350 2995 404 3029 itt
426 2995 635 3040 elhagyott
658 2995 740 3028 resz
765 2993 969 3038 majdnem
994 2987 1207 3023 szoszerint
1231 2983 1395 3029 egyezik
1418 2993 1463 3016 az
1486 2981 1617 3015 elobbi
1638 2978 1792 3014 oklevel

103 3054 307 3099 megfelelo
332 3053 626 3098 formulajaval.

232 3137 246 3159 ¹
275 3137 331 3171 Ez
356 3148 402 3171 az
426 3137 533 3171 olasz
559 3136 602 3170 P.
630 3136 820 3169 Ferrante
845 3131 1000 3176 Capeci,
1026 3129 1086 3162 kit
1112 3127 1154 3160 P.
1182 3124 1326 3169 Wujek
1352 3123 1485 3169 Jakab
1520 3121 1675 3165 helyere
1712 3120 1791 3152 vitt

104 3194 291 3240 magaval
319 3194 584 3229 Kolozsvarra
612 3205 635 3227 a
662 3189 950 3238 provinczialis.

176 3279 280 3303 Fontes
304 3278 409 3303 Rerum
431 3277 717 3309 Transylvanicarum
742 3275 763 3299 Ι.
1604 3252 1652 3277 20
