2188 3535
102 202 192 243 1581
221 200 345 243 szept.
371 199 437 242 21]
869 197 945 233 No.
972 199 1018 242 63
1415 207 1420 210 ·
1723 203 1792 238 197

98 330 177 372 per
202 330 248 358 se
268 316 340 358 vel
362 329 441 371 per
462 315 601 357 alium
623 329 678 357 ex
700 315 864 358 nostris
887 330 990 358 cum
1012 314 1144 365 socio,
1175 312 1369 356 comitiis
1395 311 1608 354 interesse
1639 310 1791 367 (siqui-

99 387 201 429 dem
239 386 308 429 ius
346 387 580 436 habemus,
614 391 821 429 tenentes
853 401 953 429 eam
982 385 1231 434 abbatiam,
1273 384 1399 426 cuius
1438 383 1580 425 abbas
1618 382 1791 438 primae

98 457 183 499 fuit
210 457 497 500 auctoritatis
523 462 626 512 post
653 457 915 513 episcopum
941 457 987 499 in
1012 455 1372 513 Transylvania),
1398 453 1434 497 si
1454 454 1521 496 ita
1543 453 1792 509 superiores

96 528 238 570 nostri
253 528 589 584 permitterent:
609 532 660 570 ut
677 533 722 570 et
738 528 942 584 principi,
961 533 1006 570 et
1021 527 1125 570 fidei
1143 526 1391 569 catholicae
1408 524 1554 567 maius
1572 524 1792 567 auxilium

50 613 66 640 5
97 599 244 641 afferri
264 604 430 655 posset,
454 599 490 641 si
509 598 725 641 nimirum
746 599 924 654 publice
944 613 1096 641 coram
1118 597 1340 646 omnibus,
1364 601 1545 639 servata
1566 595 1792 651 gravitate

97 675 141 712 et
171 670 394 712 modestia
423 669 591 719 debita,
623 669 883 712 huiusmodi
913 669 1164 712 calumniae
1194 668 1545 710 dissolverentur
1575 672 1659 708 etc.
1693 667 1793 708 Hoc

96 740 232 796 igitur
266 746 375 783 tunc
411 740 601 797 principi
637 741 954 796 proposuimus
985 740 1195 796 quidem:
1234 753 1392 782 Verum
1427 737 1489 779 illi
1524 737 1673 780 visum
1709 741 1791 786 est,

96 811 205 853 nihil
244 826 363 854 nunc
402 826 496 854 esse
535 812 875 861 attentandum,
917 811 1078 854 animis
1111 810 1289 852 illorum
1321 814 1559 864 tantopere
1598 822 1625 850 a
1663 807 1793 850 nobis

96 882 302 925 alienatis
323 888 407 925 etc.
433 883 533 925 Iam
567 883 704 939 igitur
730 883 963 939 quaeritur
983 896 1010 924 a
1032 877 1116 924 Rtia
1145 882 1255 930 Tua,
1280 880 1390 936 quid
1411 879 1468 921 sit
1490 879 1537 920 in
1557 880 1642 921 hac
1663 883 1794 934 parte

50 969 82 995 ιο
96 953 386 996 faciendum?
434 954 533 996 Scio
575 954 759 1010 quidem
801 968 962 1009 parum
1004 952 1242 995 convenire
1282 951 1495 993 instituto
1538 948 1790 999 Societatis‚

95 1024 405 1067 huiuscemodi
447 1025 721 1067 tractatibus
765 1024 1068 1067 saecularibus
1112 1037 1206 1065 sese
1250 1021 1512 1064 immiscere.
1546 1021 1715 1062 Verum
1747 1025 1793 1061 et

95 1095 206 1138 illud
235 1096 339 1146 scio,
372 1096 518 1138 multa
548 1110 574 1138 a
603 1095 769 1138 nostris
797 1101 896 1137 tum
926 1095 973 1136 in
1004 1094 1148 1143 India,
1180 1098 1281 1135 tum
1311 1092 1418 1134 alibi
1440 1091 1546 1141 fieri,
1572 1090 1792 1146 permissu

95 1166 389 1222 superiorum,
426 1167 547 1209 hisce
582 1181 673 1209 non
708 1166 910 1209 minora:
950 1165 1132 1221 quando
1168 1164 1381 1207 videntur
1415 1162 1560 1204 facere
1595 1161 1654 1203 ad
1688 1161 1792 1202 fidei

95 1238 343 1280 catholicae
374 1238 681 1280 defensionem
712 1243 756 1279 et
788 1236 1174 1293 propagationem.
1216 1234 1349 1291 Quod
1378 1233 1414 1275 si
1444 1233 1513 1274 ius
1533 1233 1631 1282 hoc,
1656 1232 1792 1273 inter-

48 1319 80 1345 15
95 1309 268 1350 essendi
326 1309 521 1351 comitiis
566 1323 685 1350 nunc
730 1307 1083 1363 neglexerimus:
1131 1312 1231 1348 tum
1275 1304 1387 1359 illud
1430 1304 1476 1345 in
1522 1308 1793 1358 perpetuum

94 1379 359 1422 amittemus
378 1385 422 1422 et
439 1394 518 1435 per
531 1393 809 1435 consequens
822 1378 1102 1421 occasionem
1115 1377 1264 1427 istam,
1294 1390 1394 1418 meo
1410 1374 1575 1416 iudicio
1595 1388 1793 1415 commo—

95 1449 339 1500 dissimam,
369 1451 428 1493 ad
454 1450 708 1493 iuvandum
729 1451 814 1492 hoc
839 1463 1040 1504 regnum.
1068 1448 1232 1491 Videat
1259 1461 1361 1502 ergo
1388 1440 1473 1488 Rtia
1504 1446 1602 1487 Tua
1627 1459 1685 1486 an
1709 1445 1794 1486 hoc

94 1521 260 1576 Regiae
292 1516 363 1564 Mti
396 1521 454 1563 sit
487 1520 833 1576 proponendum
856 1534 935 1576 per
956 1520 1143 1562 modum
1166 1518 1350 1567 consilii,
1375 1516 1486 1573 quid
1507 1515 1592 1572 ipsi
1614 1529 1795 1571 quoque

93 1591 147 1633 de
168 1592 252 1634 hoc
274 1592 535 1634 videretur?
571 1592 702 1633 Nunc
725 1591 845 1633 enim
868 1596 1050 1646 tempus
1071 1595 1201 1639 esset,
1230 1588 1413 1645 quando
1438 1588 1662 1629 bonorum
1687 1586 1795 1629 isto-

46 1675 192 1705 2orum
227 1663 408 1718 plenam
444 1662 772 1718 possessionem
808 1662 1050 1717 capiemus.
1090 1661 1168 1704 Bis
1204 1666 1359 1702 autem
1394 1658 1489 1701 fieri
1525 1658 1670 1700 solent
1706 1657 1795 1699 ista

93 1733 277 1776 comitia
305 1748 384 1790 per
412 1748 597 1784 annum,
629 1734 746 1775 circa
774 1733 942 1775 festum
972 1732 1126 1774 Sancti
1155 1731 1333 1787 Georgii
1354 1730 1401 1772 in
1422 1728 1642 1785 principio
1671 1728 1792 1779 Maii,

93 1810 137 1846 et
167 1805 283 1847 circa
311 1805 479 1847 festum
511 1805 665 1847 Sancti
693 1805 842 1847 Lucae
870 1804 917 1846 in
945 1803 1161 1846 Octobri:
1193 1802 1330 1858 idque
1359 1801 1430 1843 vel
1459 1801 1601 1843 Albae
1629 1799 1792 1854 Juhae,

93 1875 170 1917 ubi
199 1881 266 1918 est
295 1881 555 1918 nostrorum
584 1875 827 1918 residentia
855 1880 900 1917 et
931 1874 1047 1917 forte
1075 1875 1153 1916 fiet
1183 1873 1310 1916 brevi
1340 1871 1589 1927 collegium,
1622 1871 1693 1913 vel
1721 1870 1793 1912 hic

95 1947 334 1997 Colosuari,
366 1947 438 1989 vel
467 1947 656 1996 Tordae,
688 1961 803 2003 quae
832 1946 936 1988 hinc
972 1946 1113 1988 distat
1144 1945 1321 1987 duobus
1350 1942 1628 1986 milliaribus.
1661 1941 1794 1984 Unde

46 2025 238 2073 25neque
270 2019 354 2060 hoc
389 2023 456 2060 est
491 2018 697 2060 futurum
730 2017 896 2060 nostris
929 2031 1181 2059 onerosum.
1218 2016 1451 2058 Intersunt
1486 2018 1641 2056 autem
1673 2012 1794 2054 hisce

94 2088 287 2131 comitiis
308 2104 399 2131 non
422 2089 568 2131 solum
590 2089 776 2138 nobiles,
802 2089 880 2130 sed
902 2093 946 2130 et
970 2088 1180 2130 civitates
1209 2087 1454 2134 Saxonum,
1479 2085 1595 2126 idest
1619 2083 1792 2138 aliquot

94 2159 293 2214 primarii
316 2174 370 2202 ex
393 2160 577 2215 singulis
597 2159 861 2202 civitatibus
880 2165 964 2201 etc.
991 2160 1139 2214 Quare
1161 2163 1206 2200 et
1228 2158 1312 2199 hac
1336 2156 1390 2198 de
1412 2170 1457 2197 re
1480 2169 1507 2197 a
1529 2149 1608 2197 Rd³
1630 2155 1677 2196 P.
1696 2154 1794 2195 Tua

93 2230 412 2273 resolutionem
445 2236 564 2286 peto.

225 2302 373 2345 Hodie
411 2303 459 2345 P.
500 2301 784 2344 Ludovicum
820 2301 924 2343 hinc
963 2300 1192 2343 dimittere
1229 2298 1494 2353 cogitamus,
1534 2295 1695 2337 saltem
1733 2294 1793 2336 ad

47 2380 82 2407 30
95 2372 183 2415 duo
199 2373 418 2423 milliaria,
438 2373 475 2415 si
491 2372 753 2428 poterimus.
773 2373 869 2414 Has
884 2376 1040 2414 autem
1060 2370 1213 2412 literas
1228 2383 1306 2424 per
1321 2370 1368 2410 P.
1388 2366 1790 2410 Bartholomaeum

94 2444 343 2499 Ragusium
364 2444 513 2486 mitto.
538 2443 712 2486 Priores
733 2448 777 2485 et
798 2442 1018 2498 pleniores
1040 2440 1317 2488 Cracoviam,
1340 2438 1386 2480 in
1406 2437 1570 2494 quibus
1591 2438 1645 2478 R.
1668 2436 1793 2478 Tuae

93 2515 269 2570 copiose
291 2515 351 2558 ad
373 2529 477 2557 suas
505 2514 780 2570 respondeo:
814 2523 859 2555 et
879 2512 1052 2568 aliquot
1082 2510 1220 2553 dubia
1248 2523 1464 2565 propono,
1496 2521 1609 2564 quas
1637 2506 1794 2562 scripsi

96 2598 245 2628 11-ma
271 2585 549 2642 Septembris
575 2590 620 2627 et
649 2586 738 2640 19.2
764 2585 1018 2639 Utramque
1044 2582 1168 2625 viam
1190 2579 1483 2629 tentabimus,
1507 2583 1559 2620 ut
1582 2577 1789 2628 sciamus,

93 2660 197 2699 utra
223 2656 281 2699 sit
309 2656 602 2699 commodior.
638 2655 779 2711 Cupio
803 2657 856 2697 R.
880 2655 1026 2697 Tuam
1047 2653 1161 2695 bene
1182 2651 1228 2694 in
1250 2650 1446 2694 Domino
1473 2650 1635 2698 valere,
1666 2648 1793 2690 cuius

48 2735 83 2762 35
95 2727 260 2770 sanctis
302 2727 529 2770 sacrificiis
561 2732 606 2770 et
639 2725 919 2769 orationibus
960 2723 1210 2767 humillime
1258 2736 1329 2764 me
1375 2720 1642 2764 commendo
1687 2733 1791 2761 cum

93 2799 258 2840 nostris
289 2799 513 2841 omnibus.

225 2870 467 2919 Colosuari,
506 2882 573 2912 21.
613 2867 890 2924 Septembris
927 2866 1050 2920 1581.

225 2934 322 2983 Rdae
345 2941 393 2983 P.
418 2942 543 2983 Tuae
565 2940 684 2983 filius
706 2939 917 2995 indignus
940 2942 985 2980 et
1009 2949 1164 2979 servus
1187 2934 1233 2977 in
1257 2933 1432 2978 Christo

1054 3007 1254 3062 Jacobus
1283 3003 1578 3061 Vagrovicius
1616 3016 1729 3058 mpr.

49 3084 83 3109 40
365 3088 556 3130 (Eredeti,
585 3088 808 3133 sajatkezfi,
838 3097 861 3121 a
891 3084 1183 3131 Jezsuita-rend
1216 3081 1520 3123 leveltaraban.)

222 3169 236 3189 ²
263 3169 320 3203 Ez
346 3170 407 3204 61.
435 3180 488 3204 52.
517 3181 554 3204 a.
582 3171 718 3211 1evele,
748 3170 828 3214 mig
857 3179 880 3202 a
904 3167 1034 3202 masik
1057 3166 1168 3201 nines
1197 3176 1297 3210 meg.
