2188 3535
149 188 242 231 1582
275 186 360 220 okt.
399 187 460 230 19]
914 187 987 221 No.
1019 186 1064 233 78
1770 197 1839 230 241

145 303 253 360 quia
267 303 425 345 eodem
441 307 657 358 tempore,
674 317 763 358 quo
781 302 856 345 isti
872 303 918 346 in
933 303 1122 347 vinculis
1139 308 1412 353 tenerentur,
1433 303 1606 360 aliquot
1622 318 1678 347 ex
1695 304 1842 348 vicino

145 389 260 430 pago
276 373 476 422 Valachi,
494 372 624 429 quasi
646 373 753 416 mali
775 374 859 416 sibi
881 375 1045 417 conscii
1069 374 1300 430 fugissent.
1328 374 1389 418 Hi
1412 380 1567 418 autem
1586 385 1690 418 cum
1705 377 1842 418 semel

147 444 318 487 dimissi
337 449 484 486 essent
500 449 545 486 et
561 443 697 493 abire,
720 458 810 500 quo
835 445 1014 496 vellent,
1043 444 1309 502 potuissent,
1337 445 1466 501 quasi
1489 445 1600 488 nihil
1622 445 1708 488 sibi
1734 447 1842 490 mali

147 514 311 557 conscii
339 515 490 570 fugere
517 514 757 557 noluerint.
787 516 975 558 Valachi
1002 516 1141 559 etiam
1171 515 1300 558 nobis
1328 516 1528 559 minitari
1556 516 1839 567 dicebantur,

95 597 112 625 5
146 585 269 641 quod
293 585 615 627 succenderent
638 599 776 641 pagos
798 592 989 635 nostros,
1012 592 1199 642 propter
1222 601 1378 629 necem
1405 587 1598 630 fratrum
1623 602 1809 631 suorum
1831 603 1838 631 :

145 671 172 699 a
202 655 366 712 quibus
397 656 602 698 nondum
633 669 789 698 sumus
820 657 976 706 securi,
1010 671 1091 699 nec
1122 662 1279 699 tutum
1311 663 1378 700 est
1410 658 1470 700 ad
1500 657 1671 700 vicinos
1702 673 1842 715 pagos

145 726 428 783 peregrinari.
467 728 605 768 Porro
640 732 866 782 quantum
902 728 961 770 ad
994 727 1371 783 irregularitatem
1406 727 1585 779 attinet,
1612 743 1692 785 ego
1728 735 1840 786 puto

144 802 234 839 tres
253 812 308 839 ex
327 797 534 852 patribus
552 797 717 839 nostris
735 797 829 840 sine
848 799 1154 841 controversia
1172 798 1381 841 incidisse
1403 813 1410 840 :
1433 805 1611 854 patrem
1630 814 1839 855 procura-

144 873 302 916 torem,
327 867 405 923 qui
426 882 524 910 reos
545 867 613 910 bis
634 868 747 923 capi,
771 868 898 924 ligari
919 874 964 911 et
984 869 1251 911 incarcerari
1271 869 1414 918 iussit,
1438 869 1532 912 sine
1552 870 1678 912 cuius
1699 870 1835 920 iussu,

95 950 129 978 10
144 943 195 980 ut
230 938 422 994 ipsemet
459 938 643 987 fatetur,
681 939 830 981 nullus
865 954 920 982 ex
956 939 1137 982 famulis
1172 939 1337 982 nostris
1372 940 1431 982 ad
1465 940 1706 996 capiendos
1741 941 1838 984 illos

145 1009 330 1052 miseros
361 1014 513 1052 motus
544 1009 731 1060 fuisset;
765 1010 925 1052 deinde
956 1015 1189 1059 rectorem,
1222 1010 1329 1066 quia
1359 1010 1453 1053 eius
1483 1025 1703 1053 consensu
1734 1012 1838 1054 fecit

144 1085 409 1136 procurator
425 1080 590 1130 omnia,
610 1095 725 1136 quae
743 1081 865 1123 facta
885 1086 990 1123 sunt
1010 1086 1055 1123 et
1075 1083 1123 1123 P.
1148 1082 1328 1122 Iustum
1349 1081 1583 1130 Polonum,
1607 1082 1684 1137 qui
1704 1097 1840 1125 causa

145 1150 231 1192 fuit
260 1165 364 1193 cum
392 1156 563 1193 rectore
591 1151 925 1194 accelerationis
953 1151 1072 1193 necis
1099 1151 1277 1194 illorum
1299 1165 1307 1201 ;
1337 1166 1418 1193 nec
1446 1151 1592 1194 solum
1621 1152 1836 1195 accelera-

144 1221 293 1270 tionis,
316 1222 395 1264 sed
414 1221 553 1264 etiam
573 1222 779 1264 absolute
799 1222 970 1270 mortis,
993 1222 1100 1278 quia
1119 1222 1372 1278 potuissent
1392 1222 1592 1271 liberare,
1615 1222 1651 1264 si
1671 1223 1836 1265 voluis-

94 1302 128 1330 15
144 1297 257 1334 sent.
282 1292 368 1335 Sed
387 1297 546 1341 rector,
570 1292 676 1348 quia
696 1307 857 1348 parum
878 1293 932 1335 de
953 1293 1148 1335 censuris
1169 1292 1377 1348 intelligit
1398 1298 1443 1335 et
1463 1293 1587 1348 quod
1606 1293 1732 1349 peius
1752 1300 1833 1343 est,

144 1377 225 1405 nec
254 1363 353 1405 vult
387 1363 644 1419 intelligere,
679 1377 760 1405 nec
793 1363 902 1406 alios
930 1363 1085 1406 audire
1113 1378 1168 1406 ex
1196 1378 1345 1406 crassa
1372 1363 1443 1405 vel
1472 1364 1688 1406 affectata
1715 1363 1838 1420 igno-

143 1433 305 1483 rantia,
325 1448 416 1476 non
432 1434 578 1476 solum
595 1433 679 1475 sibi
696 1434 742 1475 in
758 1434 841 1476 hac
859 1448 904 1476 re
922 1434 1096 1476 nullum
1113 1434 1221 1476 facit
1239 1434 1514 1490 scrupulum,
1533 1434 1613 1476 sed
1628 1449 1838 1490 procura-

144 1510 290 1547 torem
320 1504 460 1546 etiam
490 1509 681 1547 conatus
711 1509 778 1547 est
810 1505 1061 1554 defendere,
1094 1506 1218 1561 quod
1247 1520 1338 1548 non
1367 1504 1610 1547 incidisset.
1644 1506 1704 1547 Et
1735 1520 1838 1548 cum

145 1575 332 1617 tandem
352 1590 407 1617 ex
429 1576 635 1617 Navarro
656 1581 810 1631 aperte
831 1575 1185 1625 convinceretur,
1209 1575 1324 1618 dixit
1347 1590 1353 1618 :
1378 1576 1517 1618 etiam
1537 1576 1573 1618 si
1594 1576 1835 1625 incidisset,

93 1656 129 1684 20
145 1660 190 1688 se
215 1646 380 1688 habere
407 1645 737 1688 authoritatem
764 1646 1067 1702 dispensandi.
1097 1647 1260 1703 Itaque
1288 1652 1448 1689 mutuo
1475 1661 1520 1689 se
1547 1647 1837 1689 absolverunt

145 1721 190 1759 et
228 1717 487 1767 celebrant;
528 1717 652 1772 quod
689 1716 725 1759 si
763 1732 790 1759 a
826 1718 925 1759 Tua
964 1717 1236 1760 Reverentia
1274 1717 1534 1760 huiusmodi
1573 1717 1839 1760 facultatem

144 1802 235 1830 non
259 1788 428 1830 habeat
454 1792 613 1837 rector,
642 1788 798 1844 procul
826 1788 978 1836 dubio,
1007 1788 1137 1831 iuxta
1170 1788 1362 1831 Navarri
1401 1788 1689 1837 sententiam,
1730 1788 1838 1831 cele-

145 1858 318 1901 brando
345 1858 548 1914 quotidie
576 1864 765 1914 peccant
792 1858 1072 1902 mortaliter:
1110 1860 1164 1901 de
1192 1874 1284 1915 qua
1311 1864 1465 1902 tamen
1499 1864 1726 1915 potestate
1760 1874 1839 1915 ego

144 1929 347 1971 nonnihil
386 1929 647 1972 subdubito.
694 1930 810 1985 Quia
831 1929 1003 1985 optime
1024 1931 1232 1972 recordor
1254 1945 1332 1986 per
1353 1930 1726 1986 quinquennium,
1749 1945 1839 1986 quo

92 2010 128 2038 25
146 2001 319 2042 Romae
348 1999 394 2041 in
424 2000 778 2042 Poenitentiaria
805 2001 1025 2049 habitavi,
1058 2016 1129 2043 me
1158 2015 1290 2057 saepe
1320 2001 1488 2044 multos
1517 2001 1682 2043 similes
1711 2014 1839 2043 casus

144 2070 367 2119 habuisse,
403 2075 447 2112 et
480 2085 562 2112 nec
594 2085 689 2119 nos,
724 2086 804 2113 nec
837 2085 1099 2127 supremum
1133 2071 1532 2127 poenitentiarium
1565 2071 1839 2114 cardinalem

146 2141 378 2184 Hosiumll
402 2141 601 2197 potuisse
624 2141 670 2183 in
692 2141 776 2183 illis
798 2142 1068 2197 dispensare,
1094 2143 1172 2184 sed
1194 2143 1339 2185 solum
1363 2142 1630 2185 Pontificem
1652 2147 1697 2184 et
1719 2143 1839 2183 hunc

145 2211 284 2254 etiam
310 2226 443 2268 saepe
468 2212 514 2254 in
539 2212 782 2254 levioribus
807 2212 1000 2255 noluisse
1026 2213 1296 2269 dispensare.
1322 2213 1406 2255 Die
1427 2212 1514 2262 illo,
1540 2226 1630 2268 quo
1651 2211 1839 2254 Valachi

143 2283 292 2325 necati
308 2288 414 2325 sunt
431 2288 476 2325 et
493 2283 787 2338 sequentibus
803 2283 996 2331 duobus,
1015 2289 1148 2325 tanta
1161 2283 1229 2325 vis
1245 2283 1542 2338 procellarum
1557 2287 1658 2324 orta
1675 2282 1836 2331 fuerat,

93 2364 129 2392 30
144 2359 318 2409 quanta
332 2368 567 2409 nunquam
589 2359 725 2396 antea
741 2354 786 2395 in
801 2354 885 2395 hac
901 2353 1087 2396 civitate
1103 2354 1199 2396 visa
1215 2354 1450 2395 dicebatur
1467 2367 1475 2403 ;
1511 2352 1576 2395 ita
1590 2358 1642 2394 ut
1659 2353 1840 2395 arbores

144 2424 361 2467 radicitus
409 2430 583 2467 erueret
619 2429 664 2466 et
700 2430 823 2466 tecta
871 2424 1052 2466 aedium
1093 2424 1313 2466 disiiceret
1332 2438 1341 2474 ;
1379 2429 1423 2465 et
1459 2438 1591 2465 nemo
1626 2423 1672 2465 in
1707 2423 1838 2479 agiis,

144 2495 317 2551 campis
344 2500 389 2537 et
417 2495 559 2537 vineis
586 2495 790 2537 laborare
817 2494 1063 2550 quicquam
1091 2500 1255 2550 posset.
1286 2494 1430 2536 Iudex
1457 2493 1641 2536 territus
1669 2493 1840 2549 procla-

145 2580 269 2608 mare
287 2565 430 2615 iussit,
450 2580 504 2608 ne
524 2566 767 2622 quisquam
790 2565 978 2607 domum
1002 2570 1081 2607 aut
1105 2565 1341 2607 civitatem
1364 2565 1648 2620 egrederetur
1670 2569 1714 2606 et
1737 2564 1841 2607 licet

147 2636 346 2679 violenta
372 2638 482 2679 haec
510 2637 705 2692 procella
731 2636 887 2678 multis
914 2636 1059 2678 multa
1086 2636 1255 2678 damna
1281 2635 1496 2684 intulerit,
1526 2635 1659 2677 nullis
1687 2640 1842 2677 tamen

96 2707 288 2763 35plura,
324 2722 464 2763 quam
495 2707 655 2757 nobis;
691 2707 737 2749 in
770 2708 1003 2749 Monostor
1035 2721 1206 2748 novum
1239 2705 1493 2748 aedificium
1525 2705 1572 2748 in
1603 2720 1707 2748 area
1739 2720 1842 2748 cum

145 2791 226 2820 suo
257 2783 379 2820 tecto
410 2778 674 2834 prostravit,
707 2778 753 2820 in
784 2777 967 2833 collegio
999 2782 1177 2833 partem
1208 2777 1318 2819 tecti
1349 2776 1552 2826 abstulit,
1586 2777 1843 2819 scholarum

145 2862 252 2890 vero
288 2863 409 2891 nova
445 2854 490 2891 et
528 2849 664 2891 fortia
702 2854 826 2891 tecta
862 2847 1046 2890 omnino
1084 2847 1260 2889 evertit.
1304 2849 1428 2890 Haec
1465 2853 1510 2890 et
1548 2847 1636 2890 alia
1673 2848 1844 2890 damna

147 2918 223 2960 vix
253 2924 438 2962 centum
468 2919 608 2962 scutis
638 2919 836 2975 reparari
867 2923 1070 2974 possunt.
1112 2919 1262 2974 Quam
1292 2918 1351 2960 ob
1381 2932 1565 2961 causam
1594 2919 1711 2960 hanc
1743 2931 1842 2973 pro-

146 2989 305 3032 cellam
326 2991 449 3032 Deus
469 2990 721 3039 immiserit,
747 2989 875 3032 novit
897 2990 1004 3045 ipse,
1027 2988 1119 3031 sine
1141 2988 1268 3030 cuius
1288 2993 1405 3031 nutu
1426 3003 1517 3031 non
1538 2989 1660 3030 cadit
1683 2988 1843 3030 folium

97 3070 132 3098 40
147 3073 201 3101 ex
216 3060 374 3102 arbore
391 3074 398 3102 ;
428 3060 522 3103 sive
538 3060 583 3102 in
599 3075 794 3116 poenam
811 3060 1085 3102 violatorum
1106 3059 1338 3108 festorum,
1363 3059 1457 3101 sive
1475 3059 1534 3101 ob
1549 3060 1704 3100 fictam
1720 3057 1843 3100 dedi-

278 3161 307 3182 11
338 3162 485 3195 Hosius
519 3162 718 3196 Szaniszlo
751 3162 923 3196 biboros.

219 3243 325 3268 Fontes
349 3244 456 3269 Rerum
474 3244 763 3276 Transylvanicarum
784 3244 806 3269 1.
1662 3231 1704 3264 15
