2188 3535
141 210 234 255 1582
267 208 351 242 okt.
389 209 452 253 19]
904 206 977 240 No.
1009 210 1055 252 78
1760 219 1831 252 243

137 331 181 369 et
199 324 529 381 Transylvania
545 323 713 380 poterit
733 323 987 366 consistere.
1015 325 1163 380 Quare
1181 324 1227 366 ni
1247 329 1425 367 mature
1442 325 1541 367 Tua
1559 326 1833 368 Reverentia

136 396 358 440 amoverit
381 410 498 446 eum,
530 394 608 450 qui
637 408 773 437 causa
801 399 846 436 et
876 395 1006 437 radix
1037 400 1104 437 est
1135 395 1281 438 omnis
1312 395 1585 438 turbationis
1615 401 1660 438 et
1692 397 1830 446 domi,

136 472 181 509 et
212 466 331 516 foris,
364 470 580 521 sequetur
608 464 734 507 brevi
765 479 869 507 cum
899 465 1069 520 ingenti
1101 466 1361 508 confusione
1392 466 1630 509 Societatis
1659 467 1833 523 collegii

135 537 268 579 huius
302 536 550 579 dissolutio.
588 535 812 578 Martinus
846 536 979 578 Undo
1014 537 1161 578 adhuc
1195 537 1431 579 nobiscum
1464 542 1561 587 est;
1597 537 1726 580 iuvat
1761 553 1834 580 me

88 620 106 647 5
135 607 181 649 in
220 607 523 655 concionibus,
566 606 644 662 qui
683 606 728 647 in
768 605 894 648 festis
933 612 1195 650 sanctorum
1234 608 1305 649 hic
1345 608 1468 650 domi
1507 608 1831 659 concionatur;

137 677 372 721 dominicis
410 692 516 719 vero
555 677 714 719 diebus
750 676 797 718 in
835 676 993 718 vicinis
1031 678 1157 733 pagis
1195 678 1378 720 alternis
1416 678 1602 721 vicibus.
1636 681 1684 721 P.
1710 679 1834 722 Vols-

136 763 307 805 gangus
354 748 513 790 videns
560 747 797 790 conciones
845 761 948 790 suas
996 748 1141 790 nullos
1188 749 1259 790 hic
1307 750 1473 792 habere
1515 764 1744 792 successus
1792 750 1835 804 (a

137 819 329 861 triennio
372 819 492 861 enim
538 833 593 860 ex
638 818 924 860 auditoribus
969 818 1061 860 suis
1105 818 1181 861 vix
1234 824 1325 861 tres
1377 825 1482 861 sunt
1534 821 1738 863 conversi
1789 825 1833 862 et

137 889 326 932 confessi
377 894 421 931 et
466 889 525 931 ob
571 889 682 931 alias
728 889 867 931 etiarn
913 891 1086 944 causas)
1136 890 1267 945 petiit
1319 890 1423 932 hinc
1475 891 1561 933 alio
1609 891 1732 934 mitti
1789 896 1835 933 et

91 971 124 999 10
136 975 255 1003 nunc
302 964 515 1016 expectat
562 960 609 1002 in
656 959 750 1002 dies
797 974 990 1010 currum,
1040 960 1170 1003 iuxta
1217 961 1503 1016 provincialis
1550 962 1831 1017 permissum,

135 1036 187 1073 ut
229 1032 596 1086 Braunspergam
634 1030 960 1086 proficiscatur.
1015 1031 1190 1073 Caeteri
1226 1037 1405 1086 praeter
1440 1033 1522 1074 hos
1557 1032 1647 1074 iam
1691 1033 1836 1074 dictos

135 1102 300 1144 novicii
355 1106 461 1144 sunt
517 1106 562 1144 et
621 1115 785 1157 parum
839 1102 953 1143 bene
1001 1102 1178 1144 morati.
1224 1103 1296 1144 Me
1337 1117 1518 1158 quoque
1559 1104 1713 1145 taedet
1754 1117 1836 1158 pu-

137 1173 304 1229 detque
353 1172 525 1215 diutius
573 1172 644 1213 hic
700 1186 895 1220 manere,
944 1186 1046 1214 cum
1089 1172 1271 1214 videam
1305 1187 1374 1214 res
1409 1173 1648 1215 Societatis
1682 1173 1754 1214 hic
1789 1173 1835 1215 in

136 1242 231 1286 dies
257 1243 304 1285 in
331 1243 458 1298 peius
506 1257 634 1285 ruere
663 1247 707 1284 et
737 1242 1021 1297 evangelium
1050 1242 1213 1284 Christi
1242 1257 1526 1298 progressum
1553 1244 1718 1285 habere
1745 1258 1837 1285 non

63 1349 66 1351 .
89 1325 124 1352 15
136 1328 278 1370 posse,
304 1315 362 1356 ob
384 1313 624 1356 infamiam
648 1312 910 1355 tenacitatis
933 1317 977 1354 et
1001 1313 1293 1363 crudelitatis,
1314 1328 1405 1369 qua
1423 1328 1578 1356 sumus
1594 1313 1834 1356 diffamati.

144 1385 451 1440 Quamobrem
487 1385 635 1426 Tuam
673 1378 790 1426 Rtiam
824 1383 962 1425 etiam
995 1388 1133 1438 atque
1157 1384 1297 1426 etiam
1320 1399 1441 1440 rogo,
1467 1390 1519 1426 ut
1543 1385 1614 1427 vel
1639 1400 1710 1427 me
1734 1384 1837 1426 hinc

136 1455 359 1498 Viennam
394 1456 454 1497 ad
488 1469 639 1496 meam
675 1453 957 1509 provinciam
988 1454 1131 1496 redire
1166 1454 1383 1510 patiatur,
1425 1455 1504 1496 ubi
1539 1455 1698 1498 maiori
1733 1469 1946 1499 cumanam

135 1527 305 1568 honore
331 1525 415 1568 Dei
441 1530 486 1568 et
513 1524 758 1567 Societatis
789 1529 948 1580 potero
983 1525 1130 1566 adhuc
1170 1539 1313 1567 unum
1348 1540 1530 1568 cursum
1569 1526 1837 1581 Theologiae

136 1596 292 1652 legere,
307 1596 379 1638 vel
391 1595 578 1638 tertium
593 1595 911 1650 Philosophiae
923 1596 1145 1650 perficere.
1159 1596 1239 1638 Vel
1255 1601 1375 1638 certe
1390 1597 1629 1652 permittat
1646 1612 1718 1639 me
1733 1611 1837 1639 cum

89 1679 227 1709 20uno
249 1667 369 1709 socio
392 1667 438 1709 in
460 1666 597 1709 aliam
621 1665 859 1708 civitatem
882 1666 1107 1720 Ungariae
1130 1667 1201 1708 vel
1224 1667 1579 1723 Transylvaniae
1601 1667 1834 1723 proficisci.

137 1739 257 1780 Nam
280 1743 325 1780 et
347 1737 712 1780 Vasarhelienses
738 1742 783 1778 et
807 1737 1103 1778 Varadienses
1128 1751 1232 1779 cum
1255 1738 1498 1794 lachrymis
1522 1753 1593 1780 me
1617 1738 1837 1780 obtestati

137 1813 257 1858 sunt,
289 1823 345 1850 ne
374 1823 420 1851 se
449 1807 496 1850 in
526 1807 678 1850 medio
708 1807 1039 1849 haereticorum
1070 1808 1344 1850 constitutos
1375 1809 1636 1858 desererem,
1670 1809 1749 1851 sed
1779 1809 1838 1851 ad

136 1879 257 1935 ipsos
279 1894 459 1935 quoque
482 1879 541 1921 ad
562 1893 709 1920 unum
732 1882 812 1920 aut
836 1878 1078 1920 dimidium
1097 1893 1268 1921 annum
1291 1880 1611 1922 concionatum
1634 1894 1838 1922 excurre-

136 1964 244 1992 rem.
267 1949 549 1992 Varadinum
571 1949 633 1991 ad
656 1961 722 1991 12.
748 1948 888 1991 millia
906 1949 1144 1991 hominum
1166 1954 1211 1991 et
1233 1964 1284 1992 eo
1306 1951 1501 2006 amplius
1523 1951 1581 1993 ad
1602 1951 1838 1993 conciones

90 2026 182 2063 25et
203 2020 504 2063 confessiones
524 2034 579 2062 ex
600 2019 766 2061 finibus
788 2019 1013 2075 Ungariae
1034 2024 1078 2061 et
1099 2021 1454 2076 Transylvaniae
1494 2026 1539 2063 et
1573 2036 1627 2063 ex
1661 2021 1838 2077 oppidis

136 2091 292 2134 Turcis
325 2090 537 2133 subiectis
573 2091 797 2132 confluere
832 2090 977 2132 solent
995 2104 1004 2140 ;
1045 2105 1126 2146 pro
1160 2090 1324 2146 quibus
1356 2091 1516 2133 unicus
1550 2097 1617 2134 est
1652 2097 1836 2134 tantum

137 2161 384 2204 catholicus
405 2161 627 2210 sacerdos,
647 2175 784 2216 quem
806 2174 934 2215 aegre
954 2161 1038 2202 hoc
1060 2175 1179 2203 anno
1200 2161 1480 2207 retinuimus.
1501 2177 1556 2204 ne
1573 2162 1833 2204 discederet.

138 2233 375 2275 Consulere
397 2232 517 2274 enim
540 2231 626 2273 sibi
648 2231 819 2279 volens,
844 2231 903 2273 ad
924 2231 1076 2273 studia
1097 2245 1142 2274 se
1164 2231 1363 2274 conferre
1384 2233 1580 2274 volebat.
1607 2231 1837 2274 Haeretici

138 2308 293 2345 autern
314 2308 419 2345 sunt
441 2303 605 2358 plures,
629 2301 797 2343 eruditi
818 2306 956 2357 atque
978 2301 1189 2344 nasutuli.
1216 2302 1301 2344 Hic
1322 2307 1477 2344 autem
1498 2317 1578 2357 ego
1598 2303 1719 2344 ultra
1739 2316 1836 2344 sex-

92 2384 127 2412 30
139 2378 294 2416 centos
316 2373 547 2416 auditores
568 2386 669 2414 raro
687 2372 832 2414 habeo
849 2377 893 2413 et
910 2386 965 2413 ex
986 2372 1055 2414 his
1077 2372 1153 2413 vix
1176 2377 1281 2413 sunt
1303 2385 1387 2427 400
1409 2373 1577 2415 sincere
1599 2372 1807 2415 catholici
1825 2387 1834 2423 ;

139 2449 184 2486 et
210 2449 358 2487 certus
384 2459 499 2494 sum,
520 2443 645 2499 quod
672 2442 707 2484 si
723 2442 1005 2484 Varadinum
1031 2442 1155 2491 irem,
1183 2443 1397 2485 haberem
1423 2443 1571 2498 plures
1598 2443 1837 2485 duodecim

140 2515 350 2564 millibus,
415 2519 601 2570 propter
643 2513 793 2555 vicina
834 2513 980 2555 multa
1022 2513 1189 2568 oppida
1230 2513 1488 2568 pastoribus
1529 2513 1751 2556 destituta
1792 2518 1837 2555 et

141 2585 389 2628 exercitum
416 2584 645 2641 principis,
677 2583 755 2639 qui
782 2583 960 2625 assidue
988 2583 1049 2624 ibi
1075 2583 1240 2625 residet
1267 2583 1327 2625 ad
1353 2584 1701 2626 custodiendum
1727 2585 1838 2626 fines

141 2656 265 2712 regni
285 2661 445 2698 contra
464 2657 648 2698 Turcas.
676 2654 763 2697 Hic
784 2653 921 2709 igitur
942 2653 1099 2696 maiori
1120 2668 1223 2695 cum
1243 2654 1411 2696 honore
1431 2654 1515 2697 Dei
1535 2659 1580 2697 et
1601 2654 1839 2697 Societatis

94 2727 346 2769 351aborare
373 2741 554 2783 possem
582 2731 627 2768 et
656 2725 871 2780 centuplo
898 2724 998 2780 plus
1024 2724 1238 2766 utilitatis
1264 2739 1319 2766 ex
1346 2725 1634 2768 concionibus
1663 2725 1837 2768 Christo

142 2802 187 2840 et
217 2797 427 2840 ecclesiae
470 2797 717 2840 accederet.
760 2796 859 2838 Imo
902 2809 1053 2837 secure
1098 2799 1142 2837 et
1186 2795 1402 2838 audacter
1441 2797 1565 2838 Tuae
1596 2791 1696 2839 R‘iae
1738 2810 1838 2852 pro-

143 2868 292 2917 mitto,
311 2869 434 2924 quod
449 2867 485 2910 si
502 2882 574 2910 me
590 2867 652 2909 ibi
669 2867 728 2909 ad
744 2866 988 2908 triennium
1005 2879 1184 2907 manere
1200 2866 1413 2921 patietur,
1435 2866 1632 2909 Domino
1648 2867 1836 2909 iuvante

143 2952 194 2980 ac
235 2938 394 2994 gratia,
441 2953 496 2981 ex
539 2937 754 2981 studiosis
796 2936 1031 2979 haereticis
1073 2950 1153 2991 pro
1196 2935 1420 2979 Societate
1461 2937 1655 2993 amplius
1696 2951 1837 2993 quam

143 3008 317 3064 viginti,
360 3008 500 3051 literis
540 3007 887 3052 humanioribus
926 3008 1038 3049 bene
1078 3006 1323 3049 instructos
1362 3007 1681 3056 adolescentes,
1724 3021 1837 3062 quos

98 3090 132 3117 40
145 3093 235 3121 non
257 3079 340 3121 erit
363 3079 474 3121 mihi
497 3079 678 3122 difficile
701 3080 748 3120 in
770 3078 867 3121 vita
888 3077 1104 3133 religiosa,
1130 3076 1277 3120 officio
1300 3077 1544 3120 sacerdotis
1565 3082 1610 3120 et
1632 3077 1678 3119 in
1701 3077 1838 3120 modo

145 3149 440 3192 concionandi
462 3149 711 3193 instituere,
741 3149 855 3192 Sunt
879 3147 1000 3191 enim
1024 3147 1085 3189 ibi
1108 3147 1154 3189 in
1177 3147 1506 3190 haereticorum
1530 3148 1692 3190 scholis
1715 3162 1836 3190 com-

1632 3238 1696 3272 16*
