2188 3535
198 1721 301 1747 Matez.
326 1723 351 1748 6.

381 189 450 224 174
1143 172 1216 206 No.
1247 181 1295 216 59
1732 172 1843 216 [1581
1880 174 2004 216 szept.
2043 181 2056 205 1

375 310 478 338 cum
519 293 760 350 lachrymis
801 305 907 348 prae
948 290 1087 332 nimio
1128 288 1292 344 gaudio
1334 289 1430 332 Deo
1472 289 1640 344 gratias
1681 293 1892 344 agerent:
1938 288 2063 344 quod

375 380 550 408 rursum
590 365 695 420 ipsis
734 361 976 404 catholicos
1015 360 1270 402 sacerdotes
1303 359 1456 402 videre
1494 364 1538 402 et
1590 360 1755 402 habere
1800 373 2060 402 concessum

374 442 513 478 esset:
548 435 710 490 quibus
751 437 820 474 tot
851 431 979 473 annis
1010 430 1189 472 fuerant
1220 429 1426 486 privatae
1455 435 1594 486 atque
1624 430 1884 472 destitutae.

489 507 586 548 Hae
631 502 944 558 magnanimae
990 501 1211 543 foeminae
1255 514 1404 556 regem
1449 501 1746 556 Stephanum,
1793 514 1897 542 cum
1941 505 2058 543 esset

373 576 576 631 princeps
609 572 960 629 Transylvaniae
1000 576 1045 614 et
1085 577 1187 627 post
1226 571 1352 614 illum
1391 571 1638 628 principem
1671 570 2055 626 Christophorum,
2091 586 2114 614 5

374 660 461 688 non
497 645 632 687 semel
663 644 871 686 adierunt
898 649 944 685 et
970 643 1238 698 provolutae
1267 642 1457 698 pedibus
1483 643 1661 685 illorum
1688 656 1792 684 cum
1817 641 2061 698 lachrymis

371 717 626 758 obtestatae
651 719 771 763 sunt,
798 719 849 756 ut
875 713 983 770 ipsis
1008 713 1231 769 templum
1257 713 1552 755 concederent
1578 718 1623 755 et
1649 712 1894 755 catholicos
1919 726 2061 755 sacer-

371 786 498 828 dotes
530 786 576 827 in
609 799 796 841 regnum
829 784 1195 827 introducerent:
1232 789 1277 826 et
1312 784 1484 840 templa
1516 783 1700 840 quidem
1733 783 1818 825 illis
1851 782 2061 825 catholici

371 856 591 912 principes
607 857 696 899 duo
713 860 1023 898 concesserant
1044 869 1052 897 :
1072 869 1215 897 unum
1229 854 1354 896 istud
1368 860 1575 897 nostrum
1591 854 2031 897 Colosmonostrense
2048 867 2057 904 ;

370 927 492 969 aliud
527 932 681 970 autem
716 927 763 969 in
798 926 984 969 civitate
1034 931 1241 982 ereptum
1277 940 1300 968 e
1335 925 1546 968 manibus
1592 925 1934 968 haereticorum.
1992 926 2060 968 De
2074 940 2112 968 ιο

371 998 602 1041 catholicis
626 1004 780 1041 autem
804 997 911 1040 viris
934 997 981 1039 id
1003 997 1332 1053 responderunt
1356 996 1588 1039 clarissimi
1611 997 1780 1046 heroes,
1807 1010 1852 1039 se
1877 996 2060 1052 presby-

370 1074 488 1111 teros
510 1069 754 1111 catholicos
775 1068 971 1117 idoneos,
989 1068 1067 1124 qui
1088 1073 1133 1110 et
1156 1067 1379 1110 nasutulis
1399 1067 1636 1109 haereticis
1667 1072 1712 1109 et
1735 1067 2060 1109 catholicorum

369 1139 586 1182 desiderio
623 1140 881 1182 satisfacere
916 1139 1103 1195 possint,
1141 1137 1342 1181 invenire
1378 1151 1469 1180 non
1506 1138 1719 1194 potuisse,
1758 1138 1838 1180 sed
1873 1137 2060 1180 daturos

369 1224 564 1266 operam,
590 1216 642 1253 ut
664 1211 790 1253 brevi
811 1210 1045 1265 Jesuvitae
1066 1209 1426 1252 introducantur.
1460 1210 1559 1252 Hac
1589 1223 1666 1265 spe
1688 1208 1875 1251 miserae
1904 1208 2059 1250 catho-

369 1280 479 1323 licae
521 1281 820 1331 mulierculae,
865 1295 944 1337 per
988 1293 1041 1324 1o
1084 1281 1322 1323 continuos
1365 1294 1521 1330 annos,
1565 1294 1709 1336 usque
1751 1280 1811 1322 ad
1852 1284 2059 1322 nostrum
2072 1295 2108 1323 15

368 1351 619 1394 adventum
661 1353 857 1396 laetatae
900 1352 1094 1394 fuerunt.
1141 1353 1212 1394 Ex
1255 1365 1344 1407 quo
1388 1351 1517 1394 facile
1558 1352 1657 1394 Tua
1700 1352 1754 1393 R.
1801 1349 2059 1393 Paternitas

368 1421 612 1478 intelligere
652 1428 816 1479 potest,
859 1428 1032 1479 quanto
1073 1422 1291 1465 desiderio
1331 1436 1413 1464 nos
1452 1422 1792 1478 expectaverint
1834 1426 1879 1464 et
1919 1435 2058 1477 quam

368 1498 524 1548 gratus
565 1494 650 1536 illis
692 1499 843 1536 noster
885 1493 1110 1536 adventus
1152 1493 1315 1535 fuerit:
1362 1507 1487 1548 quas,
1532 1493 1611 1535 ubi
1653 1493 1843 1548 benigne
1885 1492 2056 1535 solatus

369 1563 564 1613 fuissem,
601 1565 748 1607 dimisi
782 1565 937 1620 plenas
971 1564 1288 1606 consolatione.

499 1636 558 1677 Et
607 1637 653 1678 2ἃ
697 1635 879 1691 quidem
938 1635 1226 1678 hebdomada
1272 1634 1640 1690 quadragesimae
1687 1633 1954 1690 quievimus,
2003 1637 2107 1678 utzo

369 1706 612 1748 exhaustas
655 1706 815 1762 frigore
858 1706 974 1748 vires
1016 1719 1391 1762 recuperaremus.
1437 1705 1590 1748 Tertia
1633 1710 1787 1748 autem
1830 1703 2056 1747 dominica

367 1776 620 1819 concionari
654 1777 699 1819 in
733 1777 918 1819 civitate
953 1777 1182 1833 coepimus
1216 1781 1322 1819 ante
1356 1776 1625 1832 prandium:
1663 1781 1866 1831 tempore
1900 1780 2055 1818 autem

367 1847 674 1902 pomeridiano
713 1848 784 1890 hic
824 1847 945 1890 domi
983 1848 1029 1890 in
1069 1848 1431 1891 Colosmonostra
1470 1846 1723 1889 doctrinam
1762 1845 2054 1888 christianam

365 1917 589 1960 declarare
621 1918 814 1976 aggressi
845 1932 1029 1969 sumus;
1073 1924 1117 1961 et
1149 1919 1231 1960 has
1272 1917 1507 1960 conciones
1547 1917 1706 1959 diebus
1746 1916 1872 1959 festis
1911 1930 2054 1973 usque

365 1987 424 2029 ad
455 2002 665 2043 praesens
697 1994 878 2045 tempus
910 1994 1140 2045 perpetuo,
1177 1988 1260 2032 Dei
1293 1988 1438 2031 adiuti
1471 1988 1652 2037 auxilio,
1687 1987 2106 2032 continuavimus25

365 2062 409 2100 et
439 2059 615 2102 Christo
645 2060 840 2116 propitio
870 2060 1088 2116 quamdiu
1129 2060 1253 2102 Tuae
1283 2061 1337 2102 R.
1370 2053 1431 2102 Pti
1459 2059 1608 2102 visum
1637 2058 1786 2108 fuerit,
1817 2058 2052 2101 continua-

363 2128 523 2172 bimus.
575 2131 645 2172 Ex
677 2131 841 2187 quibus
873 2131 1060 2187 quinam
1092 2131 1321 2173 consecuti
1353 2130 1443 2172 sint
1476 2130 1664 2180 fructus,
1698 2129 1882 2172 inferius
1913 2144 2052 2172 anno-

362 2200 485 2250 tabo,
513 2206 756 2257 postquam
780 2201 903 2258 prius
926 2202 1136 2253 breviter,
1171 2216 1287 2258 quae
1310 2201 1357 2244 in
1379 2203 1464 2244 hoc
1488 2216 1624 2257 regno
1647 2201 1768 2243 bona
1785 2200 2052 2256 temporalia

363 2270 560 2314 Societas
605 2273 771 2315 habeat
818 2287 1078 2329 exposuero.

494 2343 613 2386 Loca
640 2343 855 2386 distincta
881 2344 927 2386 in
955 2344 1125 2400 quibus
1151 2349 1304 2400 patres
1330 2343 1472 2386 nostri
1499 2343 1545 2386 in
1571 2341 1899 2399 Transylvania
1924 2341 2103 2388 habi-30

362 2417 476 2462 tant,
505 2413 593 2456 tria
616 2420 925 2457 numerantur.

476 2485 604 2527 Unus
627 2486 769 2528 Albae
792 2485 953 2540 Juliae,
979 2486 1058 2528 ubi
1081 2486 1208 2528 sedes
1231 2491 1298 2528 est
1323 2485 1536 2542 principis
1556 2499 1564 2527 :
1606 2485 1678 2527 hic
1702 2485 1792 2527 duo
1815 2498 1871 2526 ex
1893 2483 2046 2539 patri-‚

361 2553 444 2596 bus
473 2555 636 2598 nostris
666 2556 860 2612 degunt:
894 2558 942 2600 P.
963 2557 1162 2612 Joannes
1192 2557 1388 2600 Lelesius
1417 2562 1462 2599 et
1493 2558 1540 2599 P.
1572 2555 1788 2611 Georgius
1817 2554 2046 2610 Papensis‚

361 2624 495 2666 ambo
538 2626 720 2682 Ungari,
758 2628 893 2670 ambo
936 2628 1286 2677 concionatores,
1332 2628 1467 2670 ambo
1511 2626 1668 2669 debilis
1711 2625 2045 2681 complexionis,

360 2694 439 2736 sed
474 2695 668 2739 Lelesius
703 2698 940 2748 debilioris,
979 2698 1056 2754 qui
1092 2698 1350 2754 frequenter
1384 2698 1666 2740 infirmatur:
1705 2696 1774 2739 his
1808 2695 2099 2743 commissam,

360 2769 426 2806 est
471 2765 696 2810 institutio
741 2769 1013 2824 Sigismundi
1057 2769 1282 2825 principis.
1330 2768 1574 2824 Collegium
1616 2767 1688 2810 hic
1732 2767 1934 2809 nondum
1977 2771 2046 2808 est

361 2835 546 2885 factum,
587 2838 664 2879 sed
701 2845 907 2894 speratur
945 2852 1000 2882 2o
1037 2846 1117 2882 aut
1157 2851 1209 2894 25
1249 2853 1555 2895 personarum.
1597 2840 1754 2881 Patres
1792 2837 1961 2893 degunt
1999 2837 2046 2879 in

359 2905 494 2948 domo
533 2908 729 2962 quadam
767 2911 896 2953 aulae
934 2910 1146 2967 principis
1183 2910 1437 2953 coniuncta.
1479 2910 1645 2952 Census
1683 2923 1862 2965 quoque
1899 2912 2045 2950 certos

359 2976 507 3018 adhuc
534 2991 623 3020 non
648 2979 831 3030 habent,
861 2981 939 3023 sed
964 2996 1033 3024 res
1058 2981 1331 3024 necessariae
1357 2980 1442 3022 illis
1468 2995 1523 3023 ex
1549 2980 1653 3022 aula
1679 2979 2041 3035 suppeditantur.

358 3047 597 3103 Templum
618 3049 702 3091 hoc
723 3064 841 3094 anno
862 3051 947 3094 illis
968 3052 1174 3108 princeps
1195 3052 1241 3094 in
1262 3051 1462 3101 civitate,
1489 3064 1605 3107 quae
1630 3055 1778 3093 castro
1803 3049 2044 3093 coniuncta
2058 3068 2098 3097 40

358 3122 439 3167 est,
485 3118 758 3174 assignavit:
804 3122 927 3178 quod
969 3123 1104 3166 modo
1147 3127 1437 3179 expurgatur,
1482 3121 1680 3164 reficitur
1722 3125 1767 3164 et
1810 3121 1870 3164 ad
1911 3133 2045 3163 usum
