<?xml version="1.0" encoding="UTF-8"?>
<!DOCTYPE html PUBLIC "-//W3C//DTD XHTML 1.0 Transitional//EN"
    "http://www.w3.org/TR/xhtml1/DTD/xhtml1-transitional.dtd">
<html xmlns="http://www.w3.org/1999/xhtml" xml:lang="en" lang="en">
 <head>
  <title>
</title>
<meta http-equiv="Content-Type" content="text/html;charset=utf-8" />
  <meta name='ocr-system' content='tesseract 3.04.00' />
  <meta name='ocr-capabilities' content='ocr_page ocr_carea ocr_par ocr_line ocrx_word'/>
</head>
<body>
  <div class='ocr_page' id='page_1' title='image "./epistolaeetactaj01vereuoft_0211.png"; bbox 0 0 2188 3535; ppageno 0'>
   <div class='ocr_carea' id='block_1_1' title="bbox 174 198 1860 247">
    <p class='ocr_par' dir='ltr' id='par_1_1' title="bbox 174 198 1860 247">
     <span class='ocr_line' id='line_1_1' title="bbox 174 198 1860 247; baseline -0.004 -12"><span class='ocrx_word' id='word_1_1' title='bbox 174 203 265 247; x_wconf 83' lang='lat'>1581</span> <span class='ocrx_word' id='word_1_2' title='bbox 302 210 391 244; x_wconf 87' lang='lat' dir='ltr'>aug.</span> <span class='ocrx_word' id='word_1_3' title='bbox 427 200 492 243; x_wconf 89' lang='lat'>22]</span> <span class='ocrx_word' id='word_1_4' title='bbox 941 198 1015 233; x_wconf 92' lang='lat' dir='ltr'>No.</span> <span class='ocrx_word' id='word_1_5' title='bbox 1054 202 1098 245; x_wconf 84' lang='lat'>58</span> <span class='ocrx_word' id='word_1_6' title='bbox 1792 204 1860 241; x_wconf 79' lang='lat'>157</span> 
     </span>
    </p>
   </div>
   <div class='ocr_carea' id='block_1_2' title="bbox 121 313 1896 3133">
    <p class='ocr_par' dir='ltr' id='par_1_2' title="bbox 172 313 1865 584">
     <span class='ocr_line' id='line_1_2' title="bbox 172 313 1859 373; baseline -0.004 -13"><span class='ocrx_word' id='word_1_7' title='bbox 172 318 317 360; x_wconf 90' lang='lat' dir='ltr'>tinam</span> <span class='ocrx_word' id='word_1_8' title='bbox 336 318 420 360; x_wconf 84' lang='lat'>800</span> <span class='ocrx_word' id='word_1_9' title='bbox 440 316 512 359; x_wconf 92' lang='lat' dir='ltr'>vel</span> <span class='ocrx_word' id='word_1_10' title='bbox 531 330 583 358; x_wconf 94' lang='lat' dir='ltr'>eo</span> <span class='ocrx_word' id='word_1_11' title='bbox 604 316 798 371; x_wconf 90' lang='lat' dir='ltr'>amplius</span> <span class='ocrx_word' id='word_1_12' title='bbox 818 330 825 358; x_wconf 90' lang='lat'>:</span> <span class='ocrx_word' id='word_1_13' title='bbox 850 317 1122 373; x_wconf 84' lang='lat' dir='ltr'>quandoque</span> <span class='ocrx_word' id='word_1_14' title='bbox 1155 316 1294 359; x_wconf 90' lang='lat' dir='ltr'>etiam</span> <span class='ocrx_word' id='word_1_15' title='bbox 1312 315 1360 357; x_wconf 93' lang='lat' dir='ltr'>in</span> <span class='ocrx_word' id='word_1_16' title='bbox 1379 314 1553 371; x_wconf 87' lang='lat' dir='ltr'>magnis</span> <span class='ocrx_word' id='word_1_17' title='bbox 1586 313 1712 356; x_wconf 87' lang='lat' dir='ltr'>festis</span> <span class='ocrx_word' id='word_1_18' title='bbox 1734 325 1859 355; x_wconf 87' lang='lat'>1000.</span> 
     </span>
     <span class='ocr_line' id='line_1_3' title="bbox 173 383 1862 442; baseline -0.004 -11"><span class='ocrx_word' id='word_1_19' title='bbox 173 390 365 431; x_wconf 84' lang='lat' dir='ltr'>Fructus</span> <span class='ocrx_word' id='word_1_20' title='bbox 388 402 444 429; x_wconf 86' lang='lat' dir='ltr'>ex</span> <span class='ocrx_word' id='word_1_21' title='bbox 467 391 660 442; x_wconf 91' lang='lat' dir='ltr'>utraque</span> <span class='ocrx_word' id='word_1_22' title='bbox 684 387 896 429; x_wconf 80' lang='lat' dir='ltr'>concione</span> <span class='ocrx_word' id='word_1_23' title='bbox 919 402 1010 429; x_wconf 91' lang='lat' dir='ltr'>non</span> <span class='ocrx_word' id='word_1_24' title='bbox 1032 387 1143 430; x_wconf 82' lang='lat' dir='ltr'>levis</span> <span class='ocrx_word' id='word_1_25' title='bbox 1167 386 1390 442; x_wconf 82' lang='lat' dir='ltr'>colligitur</span> <span class='ocrx_word' id='word_1_26' title='bbox 1410 399 1417 427; x_wconf 92' lang='grc'>;</span> <span class='ocrx_word' id='word_1_27' title='bbox 1444 400 1551 427; x_wconf 93' lang='lat' dir='ltr'>nam</span> <span class='ocrx_word' id='word_1_28' title='bbox 1573 385 1658 427; x_wconf 94' lang='lat' dir='ltr'>hoc</span> <span class='ocrx_word' id='word_1_29' title='bbox 1681 383 1862 426; x_wconf 78' lang='lat' dir='ltr'>biennio</span> 
     </span>
     <span class='ocr_line' id='line_1_4' title="bbox 173 456 1865 515; baseline -0.003 -14"><span class='ocrx_word' id='word_1_30' title='bbox 173 460 321 515; x_wconf 83' lang='lat' dir='ltr'>plures</span> <span class='ocrx_word' id='word_1_31' title='bbox 356 472 494 514; x_wconf 92' lang='lat' dir='ltr'>quam</span> <span class='ocrx_word' id='word_1_32' title='bbox 528 470 612 511; x_wconf 89' lang='lat'>400</span> <span class='ocrx_word' id='word_1_33' title='bbox 648 458 850 499; x_wconf 88' lang='lat' dir='ltr'>conversi</span> <span class='ocrx_word' id='word_1_34' title='bbox 885 463 990 500; x_wconf 88' lang='lat' dir='ltr'>sunt</span> <span class='ocrx_word' id='word_1_35' title='bbox 1026 458 1251 500; x_wconf 87' lang='lat' dir='ltr'>haeretici.</span> <span class='ocrx_word' id='word_1_36' title='bbox 1290 458 1409 499; x_wconf 89' lang='lat' dir='ltr'>Item</span> <span class='ocrx_word' id='word_1_37' title='bbox 1436 456 1507 498; x_wconf 91' lang='lat' dir='ltr'>hic</span> <span class='ocrx_word' id='word_1_38' title='bbox 1537 460 1666 512; x_wconf 88' lang='lat' dir='ltr'>pater</span> <span class='ocrx_word' id='word_1_39' title='bbox 1687 460 1865 511; x_wconf 89' lang='lat' dir='ltr'>praeter</span> 
     </span>
     <span class='ocr_line' id='line_1_5' title="bbox 173 525 1865 584; baseline -0.004 -12"><span class='ocrx_word' id='word_1_40' title='bbox 173 529 409 572; x_wconf 81' lang='lat' dir='ltr'>conciones</span> <span class='ocrx_word' id='word_1_41' title='bbox 433 529 572 570; x_wconf 91' lang='lat' dir='ltr'>habet</span> <span class='ocrx_word' id='word_1_42' title='bbox 598 533 643 570; x_wconf 90' lang='lat' dir='ltr'>et</span> <span class='ocrx_word' id='word_1_43' title='bbox 669 528 778 570; x_wconf 88' lang='lat' dir='ltr'>alias</span> <span class='ocrx_word' id='word_1_44' title='bbox 803 528 951 584; x_wconf 91' lang='lat' dir='ltr'>plures</span> <span class='ocrx_word' id='word_1_45' title='bbox 976 529 1295 584; x_wconf 79' lang='lat' dir='ltr'>occupationes</span> <span class='ocrx_word' id='word_1_46' title='bbox 1315 542 1324 578; x_wconf 88' lang='lat'>;</span> <span class='ocrx_word' id='word_1_47' title='bbox 1351 542 1458 570; x_wconf 87' lang='lat' dir='ltr'>nam</span> <span class='ocrx_word' id='word_1_48' title='bbox 1482 541 1602 569; x_wconf 89' lang='lat' dir='ltr'>nunc</span> <span class='ocrx_word' id='word_1_49' title='bbox 1627 525 1865 568; x_wconf 89' lang='lat' dir='ltr'>confessio-</span> 
     </span>
    </p>

    <p class='ocr_par' dir='ltr' id='par_1_3' title="bbox 121 596 1868 938">
     <span class='ocr_line' id='line_1_6' title="bbox 121 596 1866 654; baseline -0.003 -12"><span class='ocrx_word' id='word_1_50' title='bbox 121 621 144 648; x_wconf 75' lang='lat'>5</span> <span class='ocrx_word' id='word_1_51' title='bbox 173 600 306 642; x_wconf 88' lang='lat' dir='ltr'>nibus</span> <span class='ocrx_word' id='word_1_52' title='bbox 341 599 576 642; x_wconf 90' lang='lat' dir='ltr'>audiendis</span> <span class='ocrx_word' id='word_1_53' title='bbox 610 613 795 654; x_wconf 83' lang='lat' dir='ltr'>operam</span> <span class='ocrx_word' id='word_1_54' title='bbox 830 599 922 649; x_wconf 90' lang='lat' dir='ltr'>dat,</span> <span class='ocrx_word' id='word_1_55' title='bbox 960 614 1079 641; x_wconf 91' lang='lat' dir='ltr'>nunc</span> <span class='ocrx_word' id='word_1_56' title='bbox 1114 600 1314 641; x_wconf 88' lang='lat' dir='ltr'>infirmos</span> <span class='ocrx_word' id='word_1_57' title='bbox 1349 598 1520 647; x_wconf 87' lang='lat' dir='ltr'>visitat,</span> <span class='ocrx_word' id='word_1_58' title='bbox 1558 611 1676 639; x_wconf 92' lang='lat' dir='ltr'>nunc</span> <span class='ocrx_word' id='word_1_59' title='bbox 1711 596 1866 639; x_wconf 90' lang='lat' dir='ltr'>matri-</span> 
     </span>
     <span class='ocr_line' id='line_1_7' title="bbox 175 667 1868 725; baseline -0.002 -13"><span class='ocrx_word' id='word_1_60' title='bbox 175 670 327 714; x_wconf 91' lang='lat' dir='ltr'>monio</span> <span class='ocrx_word' id='word_1_61' title='bbox 354 669 499 725; x_wconf 88' lang='lat' dir='ltr'>iungit</span> <span class='ocrx_word' id='word_1_62' title='bbox 525 669 690 718; x_wconf 80' lang='lat' dir='ltr'>fideles,</span> <span class='ocrx_word' id='word_1_63' title='bbox 719 684 839 712; x_wconf 91' lang='lat' dir='ltr'>nunc</span> <span class='ocrx_word' id='word_1_64' title='bbox 863 670 1060 712; x_wconf 87' lang='lat' dir='ltr'>infantes</span> <span class='ocrx_word' id='word_1_65' title='bbox 1084 675 1128 712; x_wconf 94' lang='lat' dir='ltr'>et</span> <span class='ocrx_word' id='word_1_66' title='bbox 1154 670 1334 712; x_wconf 88' lang='lat' dir='ltr'>adultos</span> <span class='ocrx_word' id='word_1_67' title='bbox 1358 669 1576 724; x_wconf 89' lang='lat' dir='ltr'>baptizat.</span> <span class='ocrx_word' id='word_1_68' title='bbox 1605 667 1868 710; x_wconf 88' lang='lat' dir='ltr'>Scholarum</span> 
     </span>
     <span class='ocr_line' id='line_1_8' title="bbox 174 738 1866 798; baseline -0.003 -14"><span class='ocrx_word' id='word_1_69' title='bbox 174 746 408 798; x_wconf 89' lang='lat' dir='ltr'>praeterea</span> <span class='ocrx_word' id='word_1_70' title='bbox 443 755 550 783; x_wconf 90' lang='lat' dir='ltr'>cura</span> <span class='ocrx_word' id='word_1_71' title='bbox 586 745 687 782; x_wconf 88' lang='lat' dir='ltr'>tota</span> <span class='ocrx_word' id='word_1_72' title='bbox 722 740 769 782; x_wconf 91' lang='lat' dir='ltr'>in</span> <span class='ocrx_word' id='word_1_73' title='bbox 805 755 909 783; x_wconf 92' lang='lat' dir='ltr'>eum</span> <span class='ocrx_word' id='word_1_74' title='bbox 960 741 1195 783; x_wconf 80' lang='lat' dir='ltr'>incumbit.</span> <span class='ocrx_word' id='word_1_75' title='bbox 1237 741 1339 796; x_wconf 90' lang='lat' dir='ltr'>Ipse</span> <span class='ocrx_word' id='word_1_76' title='bbox 1375 740 1613 788; x_wconf 89' lang='lat' dir='ltr'>orationes,</span> <span class='ocrx_word' id='word_1_77' title='bbox 1653 738 1866 793; x_wconf 81' lang='lat' dir='ltr'>dialogos,</span> 
     </span>
     <span class='ocr_line' id='line_1_9' title="bbox 175 809 1865 867; baseline -0.002 -13"><span class='ocrx_word' id='word_1_78' title='bbox 175 812 389 860; x_wconf 88' lang='lat' dir='ltr'>carmina,</span> <span class='ocrx_word' id='word_1_79' title='bbox 423 811 460 853; x_wconf 89' lang='lat' dir='ltr'>si</span> <span class='ocrx_word' id='word_1_80' title='bbox 494 811 727 853; x_wconf 89' lang='lat' dir='ltr'>recitanda</span> <span class='ocrx_word' id='word_1_81' title='bbox 761 811 850 853; x_wconf 86' lang='lat' dir='ltr'>sint</span> <span class='ocrx_word' id='word_1_82' title='bbox 882 812 1072 867; x_wconf 90' lang='lat' dir='ltr'>publice,</span> <span class='ocrx_word' id='word_1_83' title='bbox 1116 825 1383 867; x_wconf 89' lang='lat' dir='ltr'>componere</span> <span class='ocrx_word' id='word_1_84' title='bbox 1404 815 1449 852; x_wconf 91' lang='lat' dir='ltr'>et</span> <span class='ocrx_word' id='word_1_85' title='bbox 1471 811 1686 865; x_wconf 84' lang='lat' dir='ltr'>corrigere</span> <span class='ocrx_word' id='word_1_86' title='bbox 1719 809 1865 851; x_wconf 89' lang='lat' dir='ltr'>debet.</span> 
     </span>
     <span class='ocr_line' id='line_1_10' title="bbox 177 881 1865 938; baseline -0.003 -12"><span class='ocrx_word' id='word_1_87' title='bbox 177 883 376 938; x_wconf 86' lang='lat' dir='ltr'>Contigit</span> <span class='ocrx_word' id='word_1_88' title='bbox 412 882 670 938; x_wconf 88' lang='lat' dir='ltr'>aliquando,</span> <span class='ocrx_word' id='word_1_89' title='bbox 693 887 746 924; x_wconf 92' lang='lat' dir='ltr'>ut</span> <span class='ocrx_word' id='word_1_90' title='bbox 779 882 868 924; x_wconf 93' lang='lat' dir='ltr'>duo</span> <span class='ocrx_word' id='word_1_91' title='bbox 900 882 1032 925; x_wconf 89' lang='lat' dir='ltr'>simul</span> <span class='ocrx_word' id='word_1_92' title='bbox 1064 897 1119 924; x_wconf 84' lang='lat' dir='ltr'>ex</span> <span class='ocrx_word' id='word_1_93' title='bbox 1154 882 1521 938; x_wconf 85' lang='lat' dir='ltr'>praeceptoribus</span> <span class='ocrx_word' id='word_1_94' title='bbox 1556 881 1865 922; x_wconf 85' lang='lat' dir='ltr'>infirmentur:</span> 
     </span>
    </p>

    <p class='ocr_par' dir='ltr' id='par_1_4' title="bbox 128 950 1875 1293">
     <span class='ocr_line' id='line_1_11' title="bbox 128 950 1870 1009; baseline -0.004 -11"><span class='ocrx_word' id='word_1_95' title='bbox 128 974 166 1002; x_wconf 85' lang='lat'>10</span> <span class='ocrx_word' id='word_1_96' title='bbox 178 959 288 996; x_wconf 83' lang='lat' dir='ltr'>tunc</span> <span class='ocrx_word' id='word_1_97' title='bbox 315 953 550 1009; x_wconf 90' lang='lat' dir='ltr'>utriusque</span> <span class='ocrx_word' id='word_1_98' title='bbox 578 953 697 996; x_wconf 86' lang='lat' dir='ltr'>vices</span> <span class='ocrx_word' id='word_1_99' title='bbox 725 953 979 1008; x_wconf 79' lang='lat' dir='ltr'>praefectus</span> <span class='ocrx_word' id='word_1_100' title='bbox 1007 953 1213 1009; x_wconf 89' lang='lat' dir='ltr'>supplere</span> <span class='ocrx_word' id='word_1_101' title='bbox 1241 952 1388 994; x_wconf 91' lang='lat' dir='ltr'>debet.</span> <span class='ocrx_word' id='word_1_102' title='bbox 1419 951 1603 994; x_wconf 88' lang='lat' dir='ltr'>Videres</span> <span class='ocrx_word' id='word_1_103' title='bbox 1630 956 1739 993; x_wconf 89' lang='lat' dir='ltr'>tunc</span> <span class='ocrx_word' id='word_1_104' title='bbox 1766 950 1870 992; x_wconf 92' lang='lat' dir='ltr'>hinc</span> 
     </span>
     <span class='ocr_line' id='line_1_12' title="bbox 177 1021 1870 1080; baseline -0.002 -14"><span class='ocrx_word' id='word_1_105' title='bbox 177 1025 282 1067; x_wconf 91' lang='lat' dir='ltr'>inde</span> <span class='ocrx_word' id='word_1_106' title='bbox 307 1039 386 1080; x_wconf 91' lang='lat' dir='ltr'>per</span> <span class='ocrx_word' id='word_1_107' title='bbox 411 1024 572 1066; x_wconf 88' lang='lat' dir='ltr'>classes</span> <span class='ocrx_word' id='word_1_108' title='bbox 594 1024 902 1075; x_wconf 87' lang='lat' dir='ltr'>cursitantem,</span> <span class='ocrx_word' id='word_1_109' title='bbox 928 1038 1019 1066; x_wconf 91' lang='lat' dir='ltr'>una</span> <span class='ocrx_word' id='word_1_110' title='bbox 1039 1025 1151 1066; x_wconf 91' lang='lat' dir='ltr'>hora</span> <span class='ocrx_word' id='word_1_111' title='bbox 1171 1024 1218 1065; x_wconf 91' lang='lat' dir='ltr'>in</span> <span class='ocrx_word' id='word_1_112' title='bbox 1243 1037 1346 1072; x_wconf 89' lang='lat' dir='ltr'>una,</span> <span class='ocrx_word' id='word_1_113' title='bbox 1375 1023 1518 1064; x_wconf 84' lang='lat' dir='ltr'>altera</span> <span class='ocrx_word' id='word_1_114' title='bbox 1541 1022 1588 1063; x_wconf 90' lang='lat' dir='ltr'>in</span> <span class='ocrx_word' id='word_1_115' title='bbox 1614 1022 1702 1063; x_wconf 91' lang='lat' dir='ltr'>alia</span> <span class='ocrx_word' id='word_1_116' title='bbox 1726 1021 1870 1076; x_wconf 88' lang='lat' dir='ltr'>legen—</span> 
     </span>
     <span class='ocr_line' id='line_1_13' title="bbox 179 1091 1872 1145; baseline -0.003 -8"><span class='ocrx_word' id='word_1_117' title='bbox 179 1100 273 1138; x_wconf 88' lang='lat' dir='ltr'>tem</span> <span class='ocrx_word' id='word_1_118' title='bbox 294 1109 302 1145; x_wconf 89' lang='lat'>;</span> <span class='ocrx_word' id='word_1_119' title='bbox 338 1095 493 1137; x_wconf 90' lang='lat' dir='ltr'>multis</span> <span class='ocrx_word' id='word_1_120' title='bbox 512 1095 740 1137; x_wconf 91' lang='lat' dir='ltr'>mensibus</span> <span class='ocrx_word' id='word_1_121' title='bbox 760 1095 879 1137; x_wconf 90' lang='lat' dir='ltr'>solus</span> <span class='ocrx_word' id='word_1_122' title='bbox 898 1109 1002 1137; x_wconf 89' lang='lat' dir='ltr'>cum</span> <span class='ocrx_word' id='word_1_123' title='bbox 1021 1095 1118 1137; x_wconf 90' lang='lat' dir='ltr'>aliis</span> <span class='ocrx_word' id='word_1_124' title='bbox 1136 1094 1346 1136; x_wconf 90' lang='lat' dir='ltr'>oneribus</span> <span class='ocrx_word' id='word_1_125' title='bbox 1365 1093 1552 1134; x_wconf 90' lang='lat' dir='ltr'>classem</span> <span class='ocrx_word' id='word_1_126' title='bbox 1573 1091 1872 1135; x_wconf 88' lang='lat' dir='ltr'>humanitatis</span> 
     </span>
     <span class='ocr_line' id='line_1_14' title="bbox 180 1162 1874 1221; baseline -0.004 -13"><span class='ocrx_word' id='word_1_127' title='bbox 180 1166 408 1208; x_wconf 88' lang='lat' dir='ltr'>sustinuit.</span> <span class='ocrx_word' id='word_1_128' title='bbox 456 1166 539 1208; x_wconf 88' lang='lat' dir='ltr'>His</span> <span class='ocrx_word' id='word_1_129' title='bbox 586 1165 759 1207; x_wconf 82' lang='lat' dir='ltr'>accedit</span> <span class='ocrx_word' id='word_1_130' title='bbox 800 1166 935 1221; x_wconf 87' lang='lat' dir='ltr'>quod,</span> <span class='ocrx_word' id='word_1_131' title='bbox 967 1180 1070 1207; x_wconf 91' lang='lat' dir='ltr'>cum</span> <span class='ocrx_word' id='word_1_132' title='bbox 1117 1165 1310 1207; x_wconf 90' lang='lat' dir='ltr'>duarum</span> <span class='ocrx_word' id='word_1_133' title='bbox 1356 1163 1618 1205; x_wconf 90' lang='lat' dir='ltr'>inferiorum</span> <span class='ocrx_word' id='word_1_134' title='bbox 1665 1162 1874 1204; x_wconf 86' lang='lat' dir='ltr'>classium</span> 
     </span>
     <span class='ocr_line' id='line_1_15' title="bbox 180 1232 1875 1293; baseline -0.004 -14"><span class='ocrx_word' id='word_1_135' title='bbox 180 1237 383 1293; x_wconf 84' lang='lat' dir='ltr'>magistri</span> <span class='ocrx_word' id='word_1_136' title='bbox 418 1236 712 1292; x_wconf 89' lang='lat' dir='ltr'>hungaricam</span> <span class='ocrx_word' id='word_1_137' title='bbox 747 1237 948 1291; x_wconf 90' lang='lat' dir='ltr'>linguam</span> <span class='ocrx_word' id='word_1_138' title='bbox 983 1236 1202 1291; x_wconf 88' lang='lat' dir='ltr'>ignorent,</span> <span class='ocrx_word' id='word_1_139' title='bbox 1241 1235 1496 1290; x_wconf 77' lang='lat' dir='ltr'>praefectus</span> <span class='ocrx_word' id='word_1_140' title='bbox 1532 1233 1716 1288; x_wconf 90' lang='lat' dir='ltr'>singulis</span> <span class='ocrx_word' id='word_1_141' title='bbox 1753 1232 1875 1274; x_wconf 88' lang='lat' dir='ltr'>dorni</span> 
     </span>
    </p>

    <p class='ocr_par' dir='ltr' id='par_1_5' title="bbox 128 1303 1878 1632">
     <span class='ocr_line' id='line_1_16' title="bbox 128 1303 1876 1364; baseline -0.003 -14"><span class='ocrx_word' id='word_1_142' title='bbox 128 1326 168 1354; x_wconf 80' lang='lat'>15</span> <span class='ocrx_word' id='word_1_143' title='bbox 181 1308 304 1364; x_wconf 91' lang='lat' dir='ltr'>prius</span> <span class='ocrx_word' id='word_1_144' title='bbox 325 1312 431 1349; x_wconf 91' lang='lat' dir='ltr'>ante</span> <span class='ocrx_word' id='word_1_145' title='bbox 452 1312 497 1349; x_wconf 90' lang='lat' dir='ltr'>et</span> <span class='ocrx_word' id='word_1_146' title='bbox 518 1312 621 1363; x_wconf 88' lang='lat' dir='ltr'>post</span> <span class='ocrx_word' id='word_1_147' title='bbox 643 1307 885 1362; x_wconf 91' lang='lat' dir='ltr'>prandium</span> <span class='ocrx_word' id='word_1_148' title='bbox 906 1307 1116 1362; x_wconf 87' lang='lat' dir='ltr'>ungarice</span> <span class='ocrx_word' id='word_1_149' title='bbox 1136 1306 1463 1361; x_wconf 90' lang='lat' dir='ltr'>interpretatur</span> <span class='ocrx_word' id='word_1_150' title='bbox 1485 1320 1492 1348; x_wconf 92' lang='grc'>;</span> <span class='ocrx_word' id='word_1_151' title='bbox 1516 1304 1716 1360; x_wconf 89' lang='lat' dir='ltr'>alioquin</span> <span class='ocrx_word' id='word_1_152' title='bbox 1736 1303 1876 1345; x_wconf 89' lang='lat' dir='ltr'>latine</span> 
     </span>
     <span class='ocr_line' id='line_1_17' title="bbox 181 1375 1876 1434; baseline -0.003 -14"><span class='ocrx_word' id='word_1_153' title='bbox 181 1393 256 1420; x_wconf 92' lang='lat' dir='ltr'>eos</span> <span class='ocrx_word' id='word_1_154' title='bbox 282 1379 517 1434; x_wconf 91' lang='lat' dir='ltr'>loquentes</span> <span class='ocrx_word' id='word_1_155' title='bbox 543 1377 669 1433; x_wconf 90' lang='lat' dir='ltr'>pueri</span> <span class='ocrx_word' id='word_1_156' title='bbox 700 1391 790 1419; x_wconf 92' lang='lat' dir='ltr'>non</span> <span class='ocrx_word' id='word_1_157' title='bbox 816 1377 1128 1432; x_wconf 85' lang='lat' dir='ltr'>intelligerent.</span> <span class='ocrx_word' id='word_1_158' title='bbox 1159 1379 1348 1432; x_wconf 85' lang='lat' dir='ltr'>Propter</span> <span class='ocrx_word' id='word_1_159' title='bbox 1374 1381 1445 1418; x_wconf 92' lang='lat' dir='ltr'>tot</span> <span class='ocrx_word' id='word_1_160' title='bbox 1473 1375 1676 1417; x_wconf 91' lang='lat' dir='ltr'>assiduos</span> <span class='ocrx_word' id='word_1_161' title='bbox 1702 1375 1876 1416; x_wconf 86' lang='lat' dir='ltr'>labores</span> 
     </span>
     <span class='ocr_line' id='line_1_18' title="bbox 182 1445 1877 1504; baseline -0.002 -14"><span class='ocrx_word' id='word_1_162' title='bbox 182 1449 316 1491; x_wconf 90' lang='lat' dir='ltr'>miser</span> <span class='ocrx_word' id='word_1_163' title='bbox 341 1448 596 1504; x_wconf 82' lang='lat' dir='ltr'>praefectus</span> <span class='ocrx_word' id='word_1_164' title='bbox 617 1453 717 1490; x_wconf 91' lang='lat' dir='ltr'>toto</span> <span class='ocrx_word' id='word_1_165' title='bbox 740 1448 830 1490; x_wconf 86' lang='lat' dir='ltr'>fere</span> <span class='ocrx_word' id='word_1_166' title='bbox 852 1448 1031 1490; x_wconf 91' lang='lat' dir='ltr'>biennio</span> <span class='ocrx_word' id='word_1_167' title='bbox 1060 1454 1278 1504; x_wconf 87' lang='lat' dir='ltr'>perpetuo</span> <span class='ocrx_word' id='word_1_168' title='bbox 1307 1446 1437 1503; x_wconf 92' lang='lat' dir='ltr'>quasi</span> <span class='ocrx_word' id='word_1_169' title='bbox 1465 1446 1616 1488; x_wconf 92' lang='lat' dir='ltr'>dolore</span> <span class='ocrx_word' id='word_1_170' title='bbox 1645 1445 1877 1487; x_wconf 90' lang='lat' dir='ltr'>oculorum</span> 
     </span>
     <span class='ocr_line' id='line_1_19' title="bbox 181 1516 1878 1575; baseline -0.002 -14"><span class='ocrx_word' id='word_1_171' title='bbox 181 1525 227 1562; x_wconf 92' lang='lat' dir='ltr'>et</span> <span class='ocrx_word' id='word_1_172' title='bbox 255 1519 416 1575; x_wconf 86' lang='lat' dir='ltr'>capitis</span> <span class='ocrx_word' id='word_1_173' title='bbox 444 1518 601 1561; x_wconf 87' lang='lat' dir='ltr'>ardore</span> <span class='ocrx_word' id='word_1_174' title='bbox 633 1523 826 1561; x_wconf 87' lang='lat' dir='ltr'>vexatus</span> <span class='ocrx_word' id='word_1_175' title='bbox 854 1523 935 1561; x_wconf 87' lang='lat' dir='ltr'>est.</span> <span class='ocrx_word' id='word_1_176' title='bbox 967 1518 1173 1561; x_wconf 91' lang='lat' dir='ltr'>Necdum</span> <span class='ocrx_word' id='word_1_177' title='bbox 1200 1518 1383 1560; x_wconf 92' lang='lat' dir='ltr'>omnino</span> <span class='ocrx_word' id='word_1_178' title='bbox 1412 1532 1439 1560; x_wconf 90' lang='lat' dir='ltr'>a</span> <span class='ocrx_word' id='word_1_179' title='bbox 1466 1517 1618 1559; x_wconf 91' lang='lat' dir='ltr'>dolore</span> <span class='ocrx_word' id='word_1_180' title='bbox 1645 1516 1878 1558; x_wconf 90' lang='lat' dir='ltr'>oculorum</span> 
     </span>
     <span class='ocr_line' id='line_1_20' title="bbox 183 1590 512 1632; baseline -0.003 0"><span class='ocrx_word' id='word_1_181' title='bbox 183 1590 400 1632; x_wconf 85' lang='lat' dir='ltr'>liberatus</span> <span class='ocrx_word' id='word_1_182' title='bbox 431 1594 512 1632; x_wconf 91' lang='lat' dir='ltr'>est.</span> 
     </span>
    </p>

    <p class='ocr_par' dir='ltr' id='par_1_6' title="bbox 130 1658 1882 1928">
     <span class='ocr_line' id='line_1_21' title="bbox 130 1658 1879 1717; baseline -0.002 -15"><span class='ocrx_word' id='word_1_183' title='bbox 130 1679 170 1708; x_wconf 75' lang='lat'>20</span> <span class='ocrx_word' id='word_1_184' title='bbox 321 1660 517 1717; x_wconf 76' lang='lat' dir='ltr'>Quintus</span> <span class='ocrx_word' id='word_1_185' title='bbox 531 1665 662 1716; x_wconf 92' lang='lat' dir='ltr'>pater</span> <span class='ocrx_word' id='word_1_186' title='bbox 677 1666 744 1702; x_wconf 87' lang='lat' dir='ltr'>est</span> <span class='ocrx_word' id='word_1_187' title='bbox 763 1662 810 1703; x_wconf 92' lang='lat' dir='ltr'>P.</span> <span class='ocrx_word' id='word_1_188' title='bbox 826 1660 1119 1703; x_wconf 75' lang='lat' dir='ltr'>Valentinus4</span> <span class='ocrx_word' id='word_1_189' title='bbox 1134 1661 1343 1716; x_wconf 91' lang='lat' dir='ltr'>Ungarus</span> <span class='ocrx_word' id='word_1_190' title='bbox 1359 1674 1382 1702; x_wconf 88' lang='lat' dir='ltr'>e</span> <span class='ocrx_word' id='word_1_191' title='bbox 1398 1659 1575 1709; x_wconf 90' lang='lat' dir='ltr'>Siculia,</span> <span class='ocrx_word' id='word_1_192' title='bbox 1593 1663 1723 1715; x_wconf 91' lang='lat' dir='ltr'>parte</span> <span class='ocrx_word' id='word_1_193' title='bbox 1739 1658 1879 1700; x_wconf 88' lang='lat' dir='ltr'>orien-</span> 
     </span>
     <span class='ocr_line' id='line_1_22' title="bbox 185 1729 1878 1788; baseline -0.002 -14"><span class='ocrx_word' id='word_1_194' title='bbox 185 1732 266 1774; x_wconf 86' lang='lat' dir='ltr'>tali</span> <span class='ocrx_word' id='word_1_195' title='bbox 282 1737 327 1774; x_wconf 86' lang='lat' dir='ltr'>et</span> <span class='ocrx_word' id='word_1_196' title='bbox 342 1736 547 1774; x_wconf 83' lang='lat' dir='ltr'>extrema</span> <span class='ocrx_word' id='word_1_197' title='bbox 561 1731 929 1787; x_wconf 88' lang='lat' dir='ltr'>Transylvaniae,</span> <span class='ocrx_word' id='word_1_198' title='bbox 948 1745 1064 1788; x_wconf 92' lang='lat' dir='ltr'>quae</span> <span class='ocrx_word' id='word_1_199' title='bbox 1079 1732 1321 1773; x_wconf 89' lang='lat' dir='ltr'>Valachiae</span> <span class='ocrx_word' id='word_1_200' title='bbox 1344 1731 1534 1773; x_wconf 90' lang='lat' dir='ltr'>adiacet.</span> <span class='ocrx_word' id='word_1_201' title='bbox 1559 1729 1776 1772; x_wconf 87' lang='lat' dir='ltr'>Novicius</span> <span class='ocrx_word' id='word_1_202' title='bbox 1797 1734 1878 1777; x_wconf 90' lang='lat' dir='ltr'>est,</span> 
     </span>
     <span class='ocr_line' id='line_1_23' title="bbox 186 1800 1882 1859; baseline -0.002 -14"><span class='ocrx_word' id='word_1_203' title='bbox 186 1803 255 1845; x_wconf 89' lang='lat' dir='ltr'>vir</span> <span class='ocrx_word' id='word_1_204' title='bbox 272 1803 431 1852; x_wconf 88' lang='lat' dir='ltr'>bonus,</span> <span class='ocrx_word' id='word_1_205' title='bbox 452 1802 553 1858; x_wconf 91' lang='lat' dir='ltr'>pius</span> <span class='ocrx_word' id='word_1_206' title='bbox 572 1807 617 1844; x_wconf 92' lang='lat' dir='ltr'>et</span> <span class='ocrx_word' id='word_1_207' title='bbox 637 1802 697 1845; x_wconf 92' lang='lat' dir='ltr'>ad</span> <span class='ocrx_word' id='word_1_208' title='bbox 714 1802 867 1845; x_wconf 90' lang='lat' dir='ltr'>omnia</span> <span class='ocrx_word' id='word_1_209' title='bbox 885 1807 1138 1859; x_wconf 89' lang='lat' dir='ltr'>promptus,</span> <span class='ocrx_word' id='word_1_210' title='bbox 1160 1802 1242 1845; x_wconf 86' lang='lat' dir='ltr'>sed</span> <span class='ocrx_word' id='word_1_211' title='bbox 1260 1802 1483 1852; x_wconf 87' lang='lat' dir='ltr'>indoctus,</span> <span class='ocrx_word' id='word_1_212' title='bbox 1518 1815 1711 1857; x_wconf 89' lang='lat' dir='ltr'>congrue</span> <span class='ocrx_word' id='word_1_213' title='bbox 1743 1800 1882 1842; x_wconf 88' lang='lat' dir='ltr'>latine</span> 
     </span>
     <span class='ocr_line' id='line_1_24' title="bbox 186 1871 1879 1928; baseline -0.002 -12"><span class='ocrx_word' id='word_1_214' title='bbox 186 1888 277 1916; x_wconf 92' lang='lat' dir='ltr'>non</span> <span class='ocrx_word' id='word_1_215' title='bbox 296 1873 438 1916; x_wconf 91' lang='lat' dir='ltr'>novit.</span> <span class='ocrx_word' id='word_1_216' title='bbox 463 1873 765 1916; x_wconf 88' lang='lat' dir='ltr'>Concionatur</span> <span class='ocrx_word' id='word_1_217' title='bbox 777 1874 1067 1917; x_wconf 89' lang='lat' dir='ltr'>nihilominus</span> <span class='ocrx_word' id='word_1_218' title='bbox 1082 1873 1317 1916; x_wconf 89' lang='lat' dir='ltr'>dominicis</span> <span class='ocrx_word' id='word_1_219' title='bbox 1330 1874 1491 1916; x_wconf 90' lang='lat' dir='ltr'>diebus</span> <span class='ocrx_word' id='word_1_220' title='bbox 1503 1873 1550 1915; x_wconf 94' lang='lat' dir='ltr'>in</span> <span class='ocrx_word' id='word_1_221' title='bbox 1563 1872 1690 1928; x_wconf 86' lang='lat' dir='ltr'>pagis</span> <span class='ocrx_word' id='word_1_222' title='bbox 1703 1871 1879 1914; x_wconf 83' lang='lat' dir='ltr'>nostris,</span> 
     </span>
    </p>

    <p class='ocr_par' dir='ltr' id='par_1_7' title="bbox 304 1942 1880 1998">
     <span class='ocr_line' id='line_1_25' title="bbox 304 1942 1880 1998; baseline -0.003 -11"><span class='ocrx_word' id='word_1_223' title='bbox 304 1945 468 1987; x_wconf 85' lang='lat' dir='ltr'>Sextus</span> <span class='ocrx_word' id='word_1_224' title='bbox 500 1949 567 1987; x_wconf 87' lang='lat' dir='ltr'>est</span> <span class='ocrx_word' id='word_1_225' title='bbox 609 1944 755 1987; x_wconf 91' lang='lat' dir='ltr'>socius</span> <span class='ocrx_word' id='word_1_226' title='bbox 786 1945 920 1987; x_wconf 90' lang='lat' dir='ltr'>huius</span> <span class='ocrx_word' id='word_1_227' title='bbox 952 1944 1092 1988; x_wconf 89' lang='lat' dir='ltr'>etiam</span> <span class='ocrx_word' id='word_1_228' title='bbox 1124 1944 1328 1987; x_wconf 91' lang='lat' dir='ltr'>novicius</span> <span class='ocrx_word' id='word_1_229' title='bbox 1361 1950 1406 1986; x_wconf 89' lang='lat' dir='ltr'>et</span> <span class='ocrx_word' id='word_1_230' title='bbox 1439 1959 1495 1987; x_wconf 85' lang='lat' dir='ltr'>ex</span> <span class='ocrx_word' id='word_1_231' title='bbox 1528 1943 1686 1986; x_wconf 90' lang='lat' dir='ltr'>eadem</span> <span class='ocrx_word' id='word_1_232' title='bbox 1719 1942 1880 1998; x_wconf 86' lang='lat' dir='ltr'>patria.</span> 
     </span>
    </p>

    <p class='ocr_par' dir='ltr' id='par_1_8' title="bbox 136 2014 1887 2356">
     <span class='ocr_line' id='line_1_26' title="bbox 136 2014 1885 2072; baseline -0.002 -14"><span class='ocrx_word' id='word_1_233' title='bbox 136 2015 276 2062; x_wconf 81' lang='lat' dir='ltr'>-25Hic</span> <span class='ocrx_word' id='word_1_234' title='bbox 307 2015 528 2071; x_wconf 89' lang='lat' dir='ltr'>interpres</span> <span class='ocrx_word' id='word_1_235' title='bbox 560 2020 628 2057; x_wconf 88' lang='lat' dir='ltr'>est</span> <span class='ocrx_word' id='word_1_236' title='bbox 660 2015 845 2058; x_wconf 89' lang='lat' dir='ltr'>rectoris</span> <span class='ocrx_word' id='word_1_237' title='bbox 877 2021 921 2058; x_wconf 88' lang='lat' dir='ltr'>et</span> <span class='ocrx_word' id='word_1_238' title='bbox 955 2015 1001 2058; x_wconf 88' lang='lat' dir='ltr'>in</span> <span class='ocrx_word' id='word_1_239' title='bbox 1033 2016 1359 2072; x_wconf 88' lang='lat' dir='ltr'>temporalibus</span> <span class='ocrx_word' id='word_1_240' title='bbox 1387 2015 1520 2057; x_wconf 90' lang='lat' dir='ltr'>rebus</span> <span class='ocrx_word' id='word_1_241' title='bbox 1549 2014 1759 2056; x_wconf 82' lang='lat' dir='ltr'>curandis</span> <span class='ocrx_word' id='word_1_242' title='bbox 1781 2027 1885 2054; x_wconf 88' lang='lat' dir='ltr'>cum</span> 
     </span>
     <span class='ocr_line' id='line_1_27' title="bbox 188 2084 1884 2143; baseline -0.002 -15"><span class='ocrx_word' id='word_1_243' title='bbox 188 2091 360 2129; x_wconf 89' lang='lat' dir='ltr'>rectore</span> <span class='ocrx_word' id='word_1_244' title='bbox 388 2091 664 2142; x_wconf 89' lang='lat' dir='ltr'>occupatur:</span> <span class='ocrx_word' id='word_1_245' title='bbox 701 2100 727 2128; x_wconf 93' lang='lat' dir='ltr'>a</span> <span class='ocrx_word' id='word_1_246' title='bbox 755 2101 844 2142; x_wconf 92' lang='lat' dir='ltr'>quo</span> <span class='ocrx_word' id='word_1_247' title='bbox 873 2092 918 2129; x_wconf 86' lang='lat' dir='ltr'>et</span> <span class='ocrx_word' id='word_1_248' title='bbox 946 2086 1042 2142; x_wconf 89' lang='lat' dir='ltr'>ipse</span> <span class='ocrx_word' id='word_1_249' title='bbox 1071 2087 1224 2129; x_wconf 87' lang='lat' dir='ltr'>hausit</span> <span class='ocrx_word' id='word_1_250' title='bbox 1254 2086 1426 2143; x_wconf 89' lang='lat' dir='ltr'>aliquid</span> <span class='ocrx_word' id='word_1_251' title='bbox 1453 2085 1734 2128; x_wconf 88' lang='lat' dir='ltr'>crudelitatis</span> <span class='ocrx_word' id='word_1_252' title='bbox 1762 2084 1884 2140; x_wconf 91' lang='lat' dir='ltr'>polo-</span> 
     </span>
     <span class='ocr_line' id='line_1_28' title="bbox 189 2155 1885 2210; baseline -0.002 -11"><span class='ocrx_word' id='word_1_253' title='bbox 189 2157 328 2207; x_wconf 87' lang='lat' dir='ltr'>nicae‚</span> <span class='ocrx_word' id='word_1_254' title='bbox 358 2157 506 2199; x_wconf 88' lang='lat' dir='ltr'>utitur</span> <span class='ocrx_word' id='word_1_255' title='bbox 533 2157 682 2199; x_wconf 89' lang='lat' dir='ltr'>verbis</span> <span class='ocrx_word' id='word_1_256' title='bbox 710 2158 1026 2208; x_wconf 88' lang='lat' dir='ltr'>saecularibus,</span> <span class='ocrx_word' id='word_1_257' title='bbox 1056 2157 1239 2207; x_wconf 92' lang='lat' dir='ltr'>bestias,</span> <span class='ocrx_word' id='word_1_258' title='bbox 1270 2158 1384 2200; x_wconf 91' lang='lat' dir='ltr'>filios</span> <span class='ocrx_word' id='word_1_259' title='bbox 1411 2156 1658 2199; x_wconf 89' lang='lat' dir='ltr'>meretricis</span> <span class='ocrx_word' id='word_1_260' title='bbox 1686 2155 1885 2210; x_wconf 88' lang='lat' dir='ltr'>appellat</span> 
     </span>
     <span class='ocr_line' id='line_1_29' title="bbox 191 2225 1887 2284; baseline -0.002 -14"><span class='ocrx_word' id='word_1_261' title='bbox 191 2242 323 2284; x_wconf 89' lang='lat' dir='ltr'>saepe</span> <span class='ocrx_word' id='word_1_262' title='bbox 351 2228 544 2271; x_wconf 83' lang='lat' dir='ltr'>famulos</span> <span class='ocrx_word' id='word_1_263' title='bbox 577 2233 623 2270; x_wconf 91' lang='lat' dir='ltr'>et</span> <span class='ocrx_word' id='word_1_264' title='bbox 657 2228 850 2271; x_wconf 83' lang='lat' dir='ltr'>colonos.</span> <span class='ocrx_word' id='word_1_265' title='bbox 888 2229 1191 2271; x_wconf 91' lang='lat' dir='ltr'>Concionatur</span> <span class='ocrx_word' id='word_1_266' title='bbox 1224 2233 1269 2270; x_wconf 91' lang='lat' dir='ltr'>et</span> <span class='ocrx_word' id='word_1_267' title='bbox 1304 2228 1389 2270; x_wconf 90' lang='lat' dir='ltr'>iste</span> <span class='ocrx_word' id='word_1_268' title='bbox 1411 2227 1669 2283; x_wconf 88' lang='lat' dir='ltr'>frequenter</span> <span class='ocrx_word' id='word_1_269' title='bbox 1690 2226 1736 2267; x_wconf 93' lang='lat' dir='ltr'>in</span> <span class='ocrx_word' id='word_1_270' title='bbox 1760 2225 1887 2281; x_wconf 85' lang='lat' dir='ltr'>pagis</span> 
     </span>
     <span class='ocr_line' id='line_1_30' title="bbox 191 2295 1887 2356; baseline -0.002 -16"><span class='ocrx_word' id='word_1_271' title='bbox 191 2299 368 2341; x_wconf 90' lang='lat' dir='ltr'>nostris.</span> <span class='ocrx_word' id='word_1_272' title='bbox 410 2300 759 2355; x_wconf 88' lang='lat' dir='ltr'>Conqueruntur</span> <span class='ocrx_word' id='word_1_273' title='bbox 795 2299 941 2342; x_wconf 90' lang='lat' dir='ltr'>coloni</span> <span class='ocrx_word' id='word_1_274' title='bbox 978 2314 1110 2356; x_wconf 89' lang='lat' dir='ltr'>saepe</span> <span class='ocrx_word' id='word_1_275' title='bbox 1149 2299 1204 2341; x_wconf 92' lang='lat' dir='ltr'>de</span> <span class='ocrx_word' id='word_1_276' title='bbox 1242 2299 1336 2342; x_wconf 91' lang='lat' dir='ltr'>eius</span> <span class='ocrx_word' id='word_1_277' title='bbox 1374 2297 1654 2340; x_wconf 87' lang='lat' dir='ltr'>crudelitate.</span> <span class='ocrx_word' id='word_1_278' title='bbox 1696 2296 1784 2339; x_wconf 90' lang='lat' dir='ltr'>Sed</span> <span class='ocrx_word' id='word_1_279' title='bbox 1815 2295 1887 2337; x_wconf 80' lang='lat' dir='ltr'>ille</span> 
     </span>
    </p>

    <p class='ocr_par' dir='ltr' id='par_1_9' title="bbox 139 2366 1889 2568">
     <span class='ocr_line' id='line_1_31' title="bbox 139 2366 1887 2426; baseline -0.003 -13"><span class='ocrx_word' id='word_1_280' title='bbox 139 2370 373 2426; x_wconf 82' lang='lat' dir='ltr'>3oculpam</span> <span class='ocrx_word' id='word_1_281' title='bbox 405 2384 586 2412; x_wconf 92' lang='lat' dir='ltr'>omnem</span> <span class='ocrx_word' id='word_1_282' title='bbox 619 2369 666 2412; x_wconf 94' lang='lat' dir='ltr'>in</span> <span class='ocrx_word' id='word_1_283' title='bbox 698 2375 918 2413; x_wconf 90' lang='lat' dir='ltr'>rectorem</span> <span class='ocrx_word' id='word_1_284' title='bbox 950 2370 1107 2413; x_wconf 89' lang='lat' dir='ltr'>reiicit.</span> <span class='ocrx_word' id='word_1_285' title='bbox 1145 2371 1216 2412; x_wconf 82' lang='lat' dir='ltr'>Ex</span> <span class='ocrx_word' id='word_1_286' title='bbox 1248 2369 1336 2411; x_wconf 91' lang='lat' dir='ltr'>isto</span> <span class='ocrx_word' id='word_1_287' title='bbox 1369 2368 1506 2424; x_wconf 90' lang='lat' dir='ltr'>igitur</span> <span class='ocrx_word' id='word_1_288' title='bbox 1538 2369 1684 2410; x_wconf 90' lang='lat' dir='ltr'>bonus</span> <span class='ocrx_word' id='word_1_289' title='bbox 1715 2366 1887 2422; x_wconf 90' lang='lat' dir='ltr'>religio-</span> 
     </span>
     <span class='ocr_line' id='line_1_32' title="bbox 193 2437 1889 2490; baseline -0.002 -8"><span class='ocrx_word' id='word_1_290' title='bbox 193 2455 268 2483; x_wconf 90' lang='lat' dir='ltr'>sus</span> <span class='ocrx_word' id='word_1_291' title='bbox 298 2455 390 2483; x_wconf 92' lang='lat' dir='ltr'>non</span> <span class='ocrx_word' id='word_1_292' title='bbox 423 2442 515 2490; x_wconf 89' lang='lat' dir='ltr'>fiet,</span> <span class='ocrx_word' id='word_1_293' title='bbox 558 2440 643 2483; x_wconf 91' lang='lat' dir='ltr'>nisi</span> <span class='ocrx_word' id='word_1_294' title='bbox 682 2446 861 2483; x_wconf 89' lang='lat' dir='ltr'>mature</span> <span class='ocrx_word' id='word_1_295' title='bbox 901 2441 961 2483; x_wconf 91' lang='lat' dir='ltr'>ad</span> <span class='ocrx_word' id='word_1_296' title='bbox 999 2440 1280 2483; x_wconf 85' lang='lat' dir='ltr'>noviciatum</span> <span class='ocrx_word' id='word_1_297' title='bbox 1322 2439 1548 2482; x_wconf 87' lang='lat' dir='ltr'>mittatur.</span> <span class='ocrx_word' id='word_1_298' title='bbox 1587 2439 1658 2480; x_wconf 83' lang='lat' dir='ltr'>Ex</span> <span class='ocrx_word' id='word_1_299' title='bbox 1687 2452 1739 2480; x_wconf 93' lang='lat' dir='ltr'>eo</span> <span class='ocrx_word' id='word_1_300' title='bbox 1769 2437 1889 2479; x_wconf 90' lang='lat' dir='ltr'>enim</span> 
     </span>
     <span class='ocr_line' id='line_1_33' title="bbox 193 2508 1766 2568; baseline -0.002 -15"><span class='ocrx_word' id='word_1_301' title='bbox 193 2511 356 2562; x_wconf 88' lang='lat' dir='ltr'>officio,</span> <span class='ocrx_word' id='word_1_302' title='bbox 387 2511 433 2554; x_wconf 92' lang='lat' dir='ltr'>in</span> <span class='ocrx_word' id='word_1_303' title='bbox 463 2526 553 2568; x_wconf 91' lang='lat' dir='ltr'>quo</span> <span class='ocrx_word' id='word_1_304' title='bbox 583 2517 665 2562; x_wconf 90' lang='lat' dir='ltr'>est,</span> <span class='ocrx_word' id='word_1_305' title='bbox 698 2526 789 2554; x_wconf 92' lang='lat' dir='ltr'>non</span> <span class='ocrx_word' id='word_1_306' title='bbox 818 2512 964 2554; x_wconf 81' lang='lat' dir='ltr'>vitam</span> <span class='ocrx_word' id='word_1_307' title='bbox 992 2511 1258 2566; x_wconf 85' lang='lat' dir='ltr'>religiosam,</span> <span class='ocrx_word' id='word_1_308' title='bbox 1291 2510 1370 2552; x_wconf 86' lang='lat' dir='ltr'>sed</span> <span class='ocrx_word' id='word_1_309' title='bbox 1399 2510 1593 2552; x_wconf 91' lang='lat' dir='ltr'>aulicam</span> <span class='ocrx_word' id='word_1_310' title='bbox 1623 2508 1766 2551; x_wconf 92' lang='lat' dir='ltr'>discit.</span> 
     </span>
    </p>

    <p class='ocr_par' dir='ltr' id='par_1_10' title="bbox 145 2579 1896 3133">
     <span class='ocr_line' id='line_1_34' title="bbox 310 2579 1890 2638; baseline -0.003 -13"><span class='ocrx_word' id='word_1_311' title='bbox 310 2583 539 2638; x_wconf 86' lang='lat' dir='ltr'>Septimus</span> <span class='ocrx_word' id='word_1_312' title='bbox 571 2588 638 2624; x_wconf 87' lang='lat' dir='ltr'>est</span> <span class='ocrx_word' id='word_1_313' title='bbox 672 2584 852 2631; x_wconf 88' lang='lat' dir='ltr'>rector,5</span> <span class='ocrx_word' id='word_1_314' title='bbox 885 2582 1011 2624; x_wconf 89' lang='lat' dir='ltr'>cuius</span> <span class='ocrx_word' id='word_1_315' title='bbox 1043 2582 1080 2624; x_wconf 91' lang='lat' dir='ltr'>si</span> <span class='ocrx_word' id='word_1_316' title='bbox 1111 2581 1263 2624; x_wconf 90' lang='lat' dir='ltr'>omnia</span> <span class='ocrx_word' id='word_1_317' title='bbox 1294 2586 1434 2637; x_wconf 87' lang='lat' dir='ltr'>gesta,</span> <span class='ocrx_word' id='word_1_318' title='bbox 1465 2580 1678 2636; x_wconf 90' lang='lat' dir='ltr'>factaque</span> <span class='ocrx_word' id='word_1_319' title='bbox 1699 2579 1890 2622; x_wconf 86' lang='lat' dir='ltr'>scribere</span> 
     </span>
     <span class='ocr_line' id='line_1_35' title="bbox 195 2651 1891 2709; baseline -0.002 -14"><span class='ocrx_word' id='word_1_320' title='bbox 195 2653 371 2703; x_wconf 88' lang='lat' dir='ltr'>vellem,</span> <span class='ocrx_word' id='word_1_321' title='bbox 393 2653 569 2696; x_wconf 89' lang='lat' dir='ltr'>sarcina</span> <span class='ocrx_word' id='word_1_322' title='bbox 587 2653 737 2695; x_wconf 89' lang='lat' dir='ltr'>laturo</span> <span class='ocrx_word' id='word_1_323' title='bbox 759 2667 924 2709; x_wconf 89' lang='lat' dir='ltr'>magna</span> <span class='ocrx_word' id='word_1_324' title='bbox 947 2653 1127 2695; x_wconf 87' lang='lat' dir='ltr'>futurus</span> <span class='ocrx_word' id='word_1_325' title='bbox 1143 2667 1266 2695; x_wconf 91' lang='lat' dir='ltr'>eram</span> <span class='ocrx_word' id='word_1_326' title='bbox 1283 2666 1291 2702; x_wconf 88' lang='lat'>;</span> <span class='ocrx_word' id='word_1_327' title='bbox 1315 2651 1540 2708; x_wconf 89' lang='lat' dir='ltr'>quaedam</span> <span class='ocrx_word' id='word_1_328' title='bbox 1555 2651 1692 2707; x_wconf 87' lang='lat' dir='ltr'>igitur</span> <span class='ocrx_word' id='word_1_329' title='bbox 1707 2655 1891 2693; x_wconf 84' lang='lat' dir='ltr'>tantum</span> 
     </span>
     <span class='ocr_line' id='line_1_36' title="bbox 145 2723 1891 2780; baseline -0.002 -14"><span class='ocrx_word' id='word_1_330' title='bbox 145 2724 394 2766; x_wconf 74' lang='lat' dir='ltr'>35breviter</span> <span class='ocrx_word' id='word_1_331' title='bbox 419 2724 657 2780; x_wconf 84' lang='lat' dir='ltr'>attingam.</span> <span class='ocrx_word' id='word_1_332' title='bbox 687 2725 742 2766; x_wconf 94' lang='lat' dir='ltr'>In</span> <span class='ocrx_word' id='word_1_333' title='bbox 767 2724 923 2779; x_wconf 87' lang='lat' dir='ltr'>primis</span> <span class='ocrx_word' id='word_1_334' title='bbox 948 2724 1020 2765; x_wconf 91' lang='lat' dir='ltr'>hic</span> <span class='ocrx_word' id='word_1_335' title='bbox 1044 2724 1181 2766; x_wconf 91' lang='lat' dir='ltr'>homo</span> <span class='ocrx_word' id='word_1_336' title='bbox 1207 2728 1334 2765; x_wconf 90' lang='lat' dir='ltr'>totus</span> <span class='ocrx_word' id='word_1_337' title='bbox 1358 2723 1404 2764; x_wconf 92' lang='lat' dir='ltr'>in</span> <span class='ocrx_word' id='word_1_338' title='bbox 1430 2727 1720 2765; x_wconf 84' lang='lat' dir='ltr'>externarum</span> <span class='ocrx_word' id='word_1_339' title='bbox 1742 2735 1891 2763; x_wconf 90' lang='lat' dir='ltr'>rerum</span> 
     </span>
     <span class='ocr_line' id='line_1_37' title="bbox 199 2792 1891 2849; baseline -0.001 -14"><span class='ocrx_word' id='word_1_340' title='bbox 199 2795 431 2837; x_wconf 90' lang='lat' dir='ltr'>curatione</span> <span class='ocrx_word' id='word_1_341' title='bbox 463 2795 645 2837; x_wconf 87' lang='lat' dir='ltr'>videtur</span> <span class='ocrx_word' id='word_1_342' title='bbox 676 2795 844 2837; x_wconf 76' lang='lat' dir='ltr'>effusus</span> <span class='ocrx_word' id='word_1_343' title='bbox 876 2800 921 2837; x_wconf 89' lang='lat' dir='ltr'>et</span> <span class='ocrx_word' id='word_1_344' title='bbox 953 2794 1064 2836; x_wconf 90' lang='lat' dir='ltr'>nihil</span> <span class='ocrx_word' id='word_1_345' title='bbox 1096 2794 1150 2836; x_wconf 95' lang='lat' dir='ltr'>de</span> <span class='ocrx_word' id='word_1_346' title='bbox 1182 2794 1492 2849; x_wconf 88' lang='lat' dir='ltr'>spiritualibus</span> <span class='ocrx_word' id='word_1_347' title='bbox 1524 2807 1692 2836; x_wconf 89' lang='lat' dir='ltr'>curare.</span> <span class='ocrx_word' id='word_1_348' title='bbox 1724 2792 1891 2835; x_wconf 88' lang='lat' dir='ltr'>Visitat</span> 
     </span>
     <span class='ocr_line' id='line_1_38' title="bbox 200 2863 1890 2921; baseline -0.001 -15"><span class='ocrx_word' id='word_1_349' title='bbox 200 2865 364 2907; x_wconf 91' lang='lat' dir='ltr'>Albam</span> <span class='ocrx_word' id='word_1_350' title='bbox 381 2880 472 2908; x_wconf 94' lang='lat' dir='ltr'>non</span> <span class='ocrx_word' id='word_1_351' title='bbox 489 2880 589 2908; x_wconf 89' lang='lat' dir='ltr'>raro</span> <span class='ocrx_word' id='word_1_352' title='bbox 607 2871 653 2908; x_wconf 91' lang='lat' dir='ltr'>et</span> <span class='ocrx_word' id='word_1_353' title='bbox 670 2866 733 2908; x_wconf 90' lang='lat' dir='ltr'>ibi</span> <span class='ocrx_word' id='word_1_354' title='bbox 750 2866 961 2921; x_wconf 86' lang='lat' dir='ltr'>epulatur</span> <span class='ocrx_word' id='word_1_355' title='bbox 977 2880 1081 2908; x_wconf 93' lang='lat' dir='ltr'>cum</span> <span class='ocrx_word' id='word_1_356' title='bbox 1099 2865 1266 2914; x_wconf 90' lang='lat' dir='ltr'>aulicis,</span> <span class='ocrx_word' id='word_1_357' title='bbox 1287 2864 1561 2921; x_wconf 91' lang='lat' dir='ltr'>quandoque</span> <span class='ocrx_word' id='word_1_358' title='bbox 1578 2878 1657 2920; x_wconf 91' lang='lat' dir='ltr'>per</span> <span class='ocrx_word' id='word_1_359' title='bbox 1674 2863 1890 2911; x_wconf 88' lang='lat' dir='ltr'>triduum,</span> 
     </span>
     <span class='ocr_line' id='line_1_39' title="bbox 202 2935 1895 2993; baseline -0.002 -16"><span class='ocrx_word' id='word_1_360' title='bbox 202 2936 473 2992; x_wconf 91' lang='lat' dir='ltr'>quandoque</span> <span class='ocrx_word' id='word_1_361' title='bbox 505 2951 584 2992; x_wconf 89' lang='lat' dir='ltr'>per</span> <span class='ocrx_word' id='word_1_362' title='bbox 614 2937 947 2993; x_wconf 86' lang='lat' dir='ltr'>quadriduum;</span> <span class='ocrx_word' id='word_1_363' title='bbox 981 2936 1157 2979; x_wconf 86' lang='lat' dir='ltr'>externi</span> <span class='ocrx_word' id='word_1_364' title='bbox 1191 2936 1449 2992; x_wconf 89' lang='lat' dir='ltr'>quicunque</span> <span class='ocrx_word' id='word_1_365' title='bbox 1484 2935 1646 2978; x_wconf 89' lang='lat' dir='ltr'>volunt</span> <span class='ocrx_word' id='word_1_366' title='bbox 1668 2935 1895 2989; x_wconf 87' lang='lat' dir='ltr'>vagantur</span> 
     </span>
     <span class='ocr_line' id='line_1_40' title="bbox 203 3004 1895 3064; baseline -0.001 -18"><span class='ocrx_word' id='word_1_367' title='bbox 203 3019 281 3060; x_wconf 92' lang='lat' dir='ltr'>per</span> <span class='ocrx_word' id='word_1_368' title='bbox 313 3007 531 3057; x_wconf 88' lang='lat' dir='ltr'>cubicula,</span> <span class='ocrx_word' id='word_1_369' title='bbox 568 3007 754 3057; x_wconf 88' lang='lat' dir='ltr'>intrant,</span> <span class='ocrx_word' id='word_1_370' title='bbox 780 3007 858 3064; x_wconf 93' lang='lat' dir='ltr'>qui</span> <span class='ocrx_word' id='word_1_371' title='bbox 892 3007 1053 3050; x_wconf 86' lang='lat' dir='ltr'>volunt</span> <span class='ocrx_word' id='word_1_372' title='bbox 1087 3012 1132 3049; x_wconf 89' lang='lat' dir='ltr'>et</span> <span class='ocrx_word' id='word_1_373' title='bbox 1167 3006 1350 3062; x_wconf 90' lang='lat' dir='ltr'>quando</span> <span class='ocrx_word' id='word_1_374' title='bbox 1385 3006 1571 3049; x_wconf 86' lang='lat' dir='ltr'>volunt:</span> <span class='ocrx_word' id='word_1_375' title='bbox 1614 3010 1666 3047; x_wconf 92' lang='lat' dir='ltr'>ut</span> <span class='ocrx_word' id='word_1_376' title='bbox 1701 3018 1804 3047; x_wconf 88' lang='lat' dir='ltr'>vere</span> <span class='ocrx_word' id='word_1_377' title='bbox 1839 3004 1895 3046; x_wconf 92' lang='lat' dir='ltr'>de</span> 
     </span>
     <span class='ocr_line' id='line_1_41' title="bbox 154 3074 1896 3133; baseline 0 -17"><span class='ocrx_word' id='word_1_378' title='bbox 154 3075 333 3118; x_wconf 83' lang='lat' dir='ltr'>40nobis</span> <span class='ocrx_word' id='word_1_379' title='bbox 363 3077 450 3119; x_wconf 89' lang='lat' dir='ltr'>dici</span> <span class='ocrx_word' id='word_1_380' title='bbox 479 3078 634 3133; x_wconf 89' lang='lat' dir='ltr'>possit,</span> <span class='ocrx_word' id='word_1_381' title='bbox 667 3079 801 3120; x_wconf 91' lang='lat' dir='ltr'>illud:</span> <span class='ocrx_word' id='word_1_382' title='bbox 835 3078 881 3120; x_wconf 92' lang='lat' dir='ltr'>in</span> <span class='ocrx_word' id='word_1_383' title='bbox 910 3078 995 3120; x_wconf 88' lang='lat' dir='ltr'>illis</span> <span class='ocrx_word' id='word_1_384' title='bbox 1026 3077 1183 3119; x_wconf 80' lang='lat' dir='ltr'>diebus</span> <span class='ocrx_word' id='word_1_385' title='bbox 1213 3092 1304 3119; x_wconf 92' lang='lat' dir='ltr'>non</span> <span class='ocrx_word' id='word_1_386' title='bbox 1333 3081 1430 3119; x_wconf 87' lang='lat' dir='ltr'>erat</span> <span class='ocrx_word' id='word_1_387' title='bbox 1459 3091 1538 3119; x_wconf 84' lang='lat' dir='ltr'>rex</span> <span class='ocrx_word' id='word_1_388' title='bbox 1559 3076 1605 3118; x_wconf 93' lang='lat' dir='ltr'>in</span> <span class='ocrx_word' id='word_1_389' title='bbox 1634 3075 1785 3124; x_wconf 86' lang='lat' dir='ltr'>Israel,</span> <span class='ocrx_word' id='word_1_390' title='bbox 1817 3074 1896 3116; x_wconf 89' lang='lat' dir='ltr'>sed</span> 
     </span>
    </p>
   </div>
   <div class='ocr_carea' id='block_1_3' title="bbox 338 3177 1767 3224">
    <p class='ocr_par' dir='ltr' id='par_1_11' title="bbox 338 3177 1767 3224">
     <span class='ocr_line' id='line_1_42' title="bbox 338 3177 1767 3224; baseline -0.001 -13"><span class='ocrx_word' id='word_1_391' title='bbox 338 3177 351 3197; x_wconf 82' lang='lat'>¹</span> <span class='ocrx_word' id='word_1_392' title='bbox 377 3178 412 3211; x_wconf 93' lang='lat' dir='ltr'><strong>A</strong></span> <span class='ocrx_word' id='word_1_393' title='bbox 441 3178 599 3224; x_wconf 72' lang='lat' dir='ltr'>szekely</span> <span class='ocrx_word' id='word_1_394' title='bbox 630 3180 673 3214; x_wconf 93' lang='lat' dir='ltr'>P.</span> <span class='ocrx_word' id='word_1_395' title='bbox 706 3180 818 3214; x_wconf 79' lang='lat' dir='ltr'>Lado</span> <span class='ocrx_word' id='word_1_396' title='bbox 849 3180 998 3214; x_wconf 78' lang='lat' dir='ltr'>Balint.</span> <span class='ocrx_word' id='word_1_397' title='bbox 1081 3179 1094 3199; x_wconf 81' lang='lat'><strong>⁵</strong></span> <span class='ocrx_word' id='word_1_398' title='bbox 1122 3180 1158 3213; x_wconf 84' lang='lat' dir='ltr'>A</span> <span class='ocrx_word' id='word_1_399' title='bbox 1186 3179 1342 3224; x_wconf 87' lang='lat' dir='ltr'>lengyel</span> <span class='ocrx_word' id='word_1_400' title='bbox 1371 3179 1414 3212; x_wconf 92' lang='lat' dir='ltr'>P.</span> <span class='ocrx_word' id='word_1_401' title='bbox 1446 3178 1592 3223; x_wconf 87' lang='lat' dir='ltr'>Wujek</span> <span class='ocrx_word' id='word_1_402' title='bbox 1622 3177 1767 3223; x_wconf 86' lang='lat' dir='ltr'>Jakab.</span> 
     </span>
    </p>
   </div>
  </div>
 </body>
</html>
