2188 3535
353 150 424 185 218
1118 138 1194 171 No.
1223 148 1268 182 72
1656 135 1772 180 [1582
1808 133 1906 169 febr.
1941 134 2038 179 eleje

358 270 539 308 tantum
572 262 804 318 lignorum,
841 261 1066 312 quantum
1097 253 1293 296 sufficiat
1329 267 1407 309 per
1440 257 1590 296 totam
1623 252 1959 296 hebdomadam
1993 258 2038 296 et

358 337 470 378 forte
496 347 587 376 non
612 335 726 374 esset
748 330 828 371 abs
850 341 910 377 re,
933 326 970 367 si
995 325 1115 381 ligna
1144 323 1290 366 hieme
1316 324 1582 366 scindantur
1606 328 1651 366 et
1678 324 1724 366 in
1749 329 1896 367 strues
1921 338 2041 367 com-

359 409 584 462 ponantur
604 415 683 457 pro
706 399 859 440 futura
890 396 1032 438 altera
1059 394 1232 443 hieme;
1267 399 1525 438 nostrorum
1553 400 1708 438 autem
1737 395 1931 438 fratrum
1959 394 2042 438 erit

358 477 583 531 imponere
619 468 874 512 fornacibus
906 472 950 508 et
986 465 1135 522 ignem
1169 466 1424 516 accendere,
1480 465 1566 508 nisi
1601 465 1716 508 forte
1751 466 2044 508 conducenda

355 546 412 588 sit
443 544 593 598 aliqua
622 539 721 582 vilis
750 551 952 594 persona,
985 551 1101 593 quae
1130 537 1216 579 hoc
1245 537 1394 593 ipsum
1425 542 1637 593 praestet.
2075 544 2092 572 5

484 626 524 666 4.
559 610 800 653 Addantur
821 608 1042 664 fenestrae
1063 607 1235 663 ligneae
1257 608 1316 650 ad
1337 607 1505 650 vitreas
1526 608 1573 650 in
1594 607 1811 650 cubiculis
1833 607 2039 656 fratrum,

350 686 396 726 in
441 680 673 725 refectorio
716 684 760 722 et
802 680 1085 735 hypocausto
1146 678 1464 729 abcurationis,
1525 678 1684 722 hiemis
1740 683 1942 735 tempore
1997 683 2043 721 et

348 756 459 797 fiant
494 752 657 795 valvae
691 750 750 794 ad
781 749 950 793 orificia
983 748 1216 792 fornarum
1248 749 1295 791 in
1328 749 1606 793 dormitorio.

479 836 520 876 3.
556 824 658 865 Non
690 825 895 864 mutetur
928 820 1090 869 culina,
1129 821 1208 862 sed
1243 820 1401 863 eadem
1436 820 1508 871 sit,
1534 835 1650 877 quae
1685 821 1905 863 hactenus
1941 820 2041 869 fuit,

351 894 557 938 adhibita
580 891 824 948 diligentia,
859 906 914 934 ne
937 891 1186 933 saeculares
1210 905 1262 933 eo
1286 891 1609 947 ingrediantur,
1636 892 1696 934 ad
1719 892 1843 948 quod
1866 891 2042 934 iuvabit
2059 900 2092 927 10

350 972 503 1008 tenere
533 969 776 1020 utramque
803 967 985 1019 portam
1014 962 1228 1012 clausam,
1259 962 1431 1018 fiatque
1459 962 1583 1005 locus
1612 963 1671 1005 ad
1699 962 1918 1006 lavandas
1946 976 2043 1005 scu-

347 1037 480 1080 tellas
519 1035 797 1078 commodus.

482 1107 521 1149 6.
558 1107 748 1149 Curetur
780 1120 919 1161 quam
951 1103 1290 1160 diligentissime
1324 1105 1437 1146 bene
1470 1105 1739 1155 confirmari,
1775 1119 1892 1161 quae
1925 1104 2043 1147 aedi-

349 1180 488 1222 ficata
511 1182 631 1226 sunt,
657 1177 772 1219 sicut
797 1176 938 1218 solare
960 1175 1197 1224 refectorii,
1223 1175 1348 1232 quod
1363 1175 1596 1218 minuatur
1611 1176 1789 1218 ruinam
1805 1180 1850 1218 et
1866 1175 2042 1218 similia.

481 1262 520 1304 7.
558 1247 925 1291 Accommodatis
947 1247 1077 1289 scalis
1099 1246 1329 1302 aperiatur
1351 1246 1532 1295 ostium,
1557 1247 1681 1303 quod
1703 1261 1842 1302 prope
1875 1252 1956 1296 est,
1991 1260 2046 1289 ne
2061 1261 2095 1289 15

350 1320 495 1363 nostri
537 1319 774 1375 ingressuri
806 1320 851 1361 in
883 1318 1174 1361 refectorium
1205 1317 1448 1360 videantur
1479 1334 1505 1361 a
1537 1319 1856 1362 saecularibus.

484 1392 523 1433 8.
558 1390 790 1445 Jeiunium
821 1394 977 1432 sextae
1010 1389 1146 1431 feriae
1178 1393 1383 1431 servetur
1422 1388 1539 1432 sicut
1572 1390 1807 1440 hactenus,
1862 1393 2048 1446 propter

351 1461 730 1505 consuetudinem
765 1460 971 1517 regionis.

485 1546 524 1589 9.
560 1533 748 1575 Discant
776 1546 933 1574 omnes
961 1531 1199 1587 Ungarice‚
1229 1531 1428 1574 maxime
1454 1531 1741 1574 coadiutores
1768 1531 1944 1574 fratres.

462 1617 528 1646 10.
564 1605 717 1646 Donec
751 1602 1061 1645 constituatur
1089 1602 1489 1653 valetudinarium,
1523 1603 1778 1658 applicetur
1808 1617 1951 1646 unum
1992 1616 2096 1645 ex20

351 1675 481 1717 novis
508 1673 802 1731 hypocaustis
824 1679 869 1716 et
893 1678 1111 1730 parentur
1133 1673 1302 1716 ibidem
1324 1673 1575 1716 necessaria
1598 1688 1678 1730 pro
1701 1672 1904 1724 infirmis,
1929 1673 2046 1716 sicut

351 1751 461 1789 sunt
495 1745 599 1788 lecti
631 1751 714 1787 etc.

458 1829 524 1858 11.
559 1816 712 1858 Liceat
742 1815 907 1858 nostris
937 1814 1068 1858 ituris
1097 1815 1157 1858 ad
1185 1815 1360 1858 scholas
1390 1815 1553 1871 egredi,
1598 1829 1677 1872 per
1708 1815 1877 1858 ostium
1906 1814 2049 1858 nostri

350 1888 524 1936 hortus,
544 1887 669 1929 cuius
686 1887 860 1929 clavem
878 1886 1066 1930 habebit
1084 1900 1200 1928 unus
1217 1891 1576 1942 praeceptorum,
1597 1887 1675 1943 qui
1692 1887 1816 1929 illam
1832 1885 2047 1935 servabit,

350 1959 495 2001 donec
526 1958 691 2000 fuerint
721 1958 767 2000 in
796 1958 987 2008 scholis;
1023 1957 1228 1999 similiter
1256 1971 1361 2000 cum
1390 1957 1618 2007 redierint,
1650 1958 1771 2001 idem
1801 1957 1971 2014 aperiet
2003 1962 2049 2000 et
2063 1976 2098 2004 25

349 2030 547 2078 claudet,
592 2029 765 2085 vesperi
808 2034 963 2071 autem
1005 2033 1108 2084 post
1150 2028 1325 2071 scholas
1379 2028 1555 2071 clavem
1609 2029 1767 2071 reddet
1817 2029 2046 2085 superiori.

457 2113 522 2143 12.
558 2101 660 2142 Non
707 2100 1034 2156 permittantur
1082 2099 1224 2142 nostri
1261 2099 1322 2142 ire
1361 2100 1420 2142 ad
1457 2100 1699 2155 prandium
1744 2105 2048 2149 externorum,

351 2171 437 2213 nisi
464 2171 687 2214 rarissime
715 2176 760 2213 et
789 2186 893 2213 cum
921 2185 999 2226 spe
1028 2170 1202 2212 fructus
1229 2170 1488 2226 spiritualis,
1513 2186 1593 2214 nec
1633 2175 1765 2214 erunt
1793 2171 1941 2227 plures
1969 2176 2050 2214 aut

355 2242 586 2298 pauciores
609 2243 798 2291 duobus,
825 2243 884 2285 ad
906 2256 1093 2284 coenam
1117 2256 1222 2284 vero
1245 2242 1395 2284 nullus
1418 2246 1491 2284 eat
1515 2247 1560 2284 et
1584 2247 1693 2285 tunc
1716 2242 1805 2285 sint
1829 2256 2049 2284 memores

357 2313 603 2356 modestiae
643 2313 871 2369 religiosae
909 2318 954 2355 et
993 2312 1335 2368 temperantiae.
2063 2331 2099 2359 30

458 2396 523 2437 13.
560 2385 614 2426 In
641 2384 807 2427 nostris
836 2383 1030 2440 praediis
1055 2398 1147 2426 non
1164 2383 1345 2426 alantur
1361 2398 1503 2440 equae
1521 2385 1581 2427 ad
1597 2384 1780 2440 prolem,
1801 2384 1879 2426 sed
1895 2384 2047 2432 boves,

355 2469 517 2497 vaccae
539 2460 584 2497 et
607 2469 713 2497 oves
735 2460 781 2497 et
803 2455 976 2511 reliqua
998 2454 1224 2503 animalia,
1249 2469 1366 2510 quae
1389 2459 1433 2497 et
1456 2455 1599 2511 magis
1621 2454 1881 2505 necessaria,
1900 2459 1945 2497 et
1962 2454 2051 2496 uti—

362 2524 472 2566 liora
507 2531 611 2567 sunt
649 2526 791 2569 nobis.

464 2607 528 2649 14.
563 2597 676 2639 Cum
714 2597 912 2652 primum
950 2595 1105 2639 haberi
1144 2596 1310 2651 poterit
1349 2596 1492 2652 pistor
1539 2597 1610 2639 vel
1655 2596 1942 2647 domesticus,
1979 2596 2050 2639 vel

360 2669 582 2714 externus,
618 2667 865 2710 liberentur
896 2667 996 2709 illae
1025 2667 1232 2709 mulieres
1266 2682 1293 2709 a
1325 2667 1477 2710 labore
1510 2667 1716 2723 pinsendi
1749 2672 1793 2709 et
1827 2666 2049 2723 coquendi
2063 2685 2099 2713 35

357 2748 521 2790 panem
543 2750 623 2791 pro
646 2737 818 2781 familia
838 2738 884 2780 in
907 2739 1153 2780 Monostor.
1176 2737 1366 2780 Interim
1388 2743 1543 2780 tamen
1564 2739 1768 2781 solvatur
1789 2737 2050 2780 mulieribus

357 2819 512 2847 earum
545 2806 683 2850 labor.

463 2887 528 2928 15.
563 2878 752 2920 Curetur
794 2879 889 2921 fieri
934 2879 1132 2922 multum
1169 2878 1407 2921 cerevisiae
1437 2884 1482 2921 et
1514 2894 1604 2921 non
1634 2893 1689 2921 ex
1720 2893 1877 2928 avena,
1911 2884 1963 2921 ut
1994 2894 2049 2922 ex

361 2960 413 2987 ea
436 2951 664 3000 ponantur
685 2950 890 2992 canthari
912 2950 958 2992 in
994 2949 1178 3005 singulis
1212 2949 1390 2998 mensis,
1426 2949 1541 2992 sicut
1576 2964 1631 2992 ex
1663 2949 1768 2992 vino
1791 2955 1850 3000 et,
1886 2950 1922 2992 si
1955 2950 2050 2993 fieri

363 3021 525 3072 potest,
550 3031 749 3060 seorsum
780 3025 977 3074 ponatur
998 3035 1025 3063 a
1046 3020 1158 3062 cella
1188 3019 1375 3070 vinaria,
1409 3020 1517 3075 quia
1553 3034 1696 3062 unum
1734 3020 1863 3063 alteri
1901 3026 2046 3064 nocet.
2064 3038 2099 3066 40

468 3087 532 3128 16.
569 3088 623 3129 In
669 3089 982 3133 educillatione
1027 3090 1121 3133 vini
1152 3104 1243 3132 non
1278 3090 1423 3132 solum
1458 3105 1549 3133 non
1584 3096 1803 3147 augeatur
1838 3106 2050 3134 numerus
