2188 3535
381 231 432 271 64
1144 221 1218 255 No.
1258 231 1304 266 19
1760 220 1877 266 [1577
1910 219 2016 253 decz.
2053 222 2073 256 8

381 346 589 388 omnibus
618 342 824 389 conciliis,
850 338 1055 395 patribus
1077 343 1122 380 et
1145 338 1406 381 doctoribus
1441 351 1610 393 sapere,
1632 336 1719 379 sibi
1748 342 1932 380 tantum
1961 337 2073 380 veri-

383 416 491 457 tatis
522 420 566 456 et
598 411 814 466 evangelii
833 411 977 451 lucem
998 413 1101 464 post
1124 409 1244 451 mille
1265 407 1538 465 quingentos
1559 422 1701 450 annos
1723 407 1934 456 illuxisse,
1965 407 2074 451 alios

381 499 536 527 omnes
575 484 619 524 in
650 482 739 523 suis
769 480 991 522 erroribus
1033 479 1228 534 periisse,
1274 493 1320 521 se
1363 493 1518 521 veram
1562 478 1616 521 de
1658 477 1835 521 Christo
1865 477 2002 521 fidem
2030 483 2075 522 et

383 554 682 609 cognitionem
723 551 900 598 habere,
945 554 1146 591 caeteros
1187 563 1343 592 omnes
1384 563 1530 592 errare
1571 554 1616 591 et
1658 548 1921 591 idololatras
1967 562 2073 592 esse.

382 624 539 666 Veniet
569 620 811 676 aliquando
845 625 1038 675 tempus,
1063 620 1214 662 veniet
1244 621 1356 663 hora
1387 620 1475 670 illa,
1509 620 1692 676 quando
1723 619 1875 661 oculos
1906 633 2074 669 eorum,
2108 633 2125 661 5
2178 613 2188 625 ”’

380 707 492 749 quos
535 706 652 733 nunc
695 691 899 732 haereses
942 695 987 732 et
1031 695 1219 746 peccata
1261 691 1389 733 varia
1418 691 1690 739 clauserunt,
1724 689 1946 746 supplicia
1975 704 2077 745 ape-

380 764 521 811 rient;
564 767 672 803 tunc
715 766 999 816 cognoscent,
1044 775 1183 816 quam
1226 761 1393 804 fuerint
1435 761 1595 804 misere
1637 760 1792 802 delusi.

495 832 783 874 Consuetudo
821 831 926 873 olim
966 836 1062 873 erat
1101 832 1146 873 in
1185 832 1370 874 ecclesia
1407 832 1643 881 catholica,
1692 845 1809 887 quae
1847 831 1996 874 adhuc
2032 831 2078 874 in

376 902 633 958 regionibus
664 901 929 944 orthodoxis
959 902 1197 957 diligenter
1227 907 1447 952 servatur,
1499 907 1551 944 ut
1584 916 1610 944 a
1653 901 1870 944 sacrificio
1917 901 2078 944 missae

380 973 725 1015 excluderentur
766 972 944 1027 Judaei,
990 972 1168 1028 pagani,
1213 973 1429 1015 haeretici
1471 978 1516 1015 et
1560 972 1887 1033 catechumeni,
1923 986 1980 1014 ne
2021 972 2079 1015 ab
2096 988 2127 1016 10

381 1043 574 1098 indignis
600 1057 726 1085 sacra
751 1049 906 1086 nostra
931 1048 1330 1086 contemnerentur
1355 1048 1435 1086 aut
1464 1037 1769 1092 irriderentur,
1787 1057 1900 1085 neve
1921 1048 2080 1085 contra

382 1114 563 1157 Domini
605 1119 897 1169 praeceptum
937 1128 1141 1169 gemmae
1183 1114 1330 1170 porcis
1371 1113 1705 1169 proiicerentur.
1741 1114 1927 1163 Turcae,
1971 1114 2079 1156 dum

382 1199 462 1227 sua
493 1185 743 1227 execranda
776 1185 994 1227 libamina
1023 1190 1068 1227 et
1099 1182 1436 1241 superstitiosos
1474 1185 1589 1227 ritus
1628 1189 1864 1240 peragunt,
1906 1185 2080 1226 nullum

383 1255 692 1305 christianum,
728 1270 806 1297 nec
830 1270 1107 1311 quemquam
1129 1256 1268 1298 alium
1291 1270 1318 1298 a
1339 1270 1421 1298 sua
1442 1260 1566 1298 secta
1594 1256 1913 1298 abhorrentem
1942 1255 2080 1298 immo

382 1340 437 1368 ne
485 1340 642 1368 canem
689 1327 872 1382 quidem
918 1327 1061 1370 ullum
1108 1326 1321 1369 interesse
1369 1326 1634 1382 patiuntur:
1693 1326 1740 1368 id
1798 1339 2081 1382 summopere
2097 1337 2128 1365 15

383 1402 650 1445 metuentes,
692 1411 746 1439 ne
783 1397 1040 1439 detestandi
1078 1397 1192 1440 ritus
1231 1412 1386 1440 eorum
1425 1397 1619 1439 ludibrio
1658 1397 1928 1446 habeantur,
1969 1411 2082 1439 neve

388 1467 434 1508 in
467 1467 558 1509 suis
590 1467 738 1523 impiis
771 1468 977 1523 precibus
1009 1469 1345 1524 perturbentur.
1381 1468 1715 1524 Anabaptistae
1748 1481 1942 1524 quoque,
1986 1467 2083 1510 Cal-

389 1538 582 1580 vinistae
629 1544 673 1580 et
719 1539 961 1588 Trinitarii,
1012 1539 1122 1582 dum
1168 1553 1272 1581 suas
1318 1539 1532 1595 profanas
1578 1553 1740 1581 coenas
1786 1537 2080 1588 manducant,

386 1608 545 1649 nolunt
586 1609 828 1651 catholicos
866 1615 1124 1665 praesentes
1162 1610 1366 1659 inveniri,
1407 1624 1463 1652 ne
1501 1610 1560 1652 ab
1597 1609 1682 1651 illis
1720 1609 2005 1652 irrideantur.
2037 1608 2083 1652 Si

387 1693 489 1733 ergo
515 1679 599 1734 ipsi
623 1680 868 1722 excludunt
894 1695 975 1723 nos
999 1695 1026 1723 a
1050 1681 1141 1723 suis
1166 1681 1347 1736 templis
1376 1685 1421 1723 et
1453 1680 1792 1729 conventiculis,
1827 1694 1906 1722 cur
1929 1685 1974 1722 et
1999 1679 2130 1735 ipsi2o

388 1763 478 1791 non
516 1738 745 1792 abstinent
785 1765 812 1793 a
849 1751 1048 1794 nostris?
1093 1752 1138 1794 Si
1176 1766 1267 1794 non
1305 1751 1496 1794 credunt
1535 1751 1764 1794 Christum
1803 1765 1962 1794 verum
2000 1750 2084 1794 Dei

385 1820 527 1862 filium
561 1820 606 1862 in
640 1821 854 1864 sacrificio
889 1822 1050 1865 missae
1084 1827 1382 1878 praesentem,
1407 1837 1486 1864 cur
1515 1822 1555 1864 ei
1589 1821 1843 1864 assistunt?
1882 1822 1970 1865 Cur
2002 1821 2083 1864 im-

387 1890 557 1946 pietate
622 1892 869 1942 barbarica,
931 1893 1249 1936 incrudelitate
1315 1893 1616 1949 capharnaica
1680 1898 1725 1935 et
1778 1892 2084 1935 obstinatione

386 1961 581 2015 Judaica
615 1963 750 2005 corda
784 1977 865 2006 sua
899 1964 1150 2007 indurant?
1190 1965 1278 2007 Cur
1313 1964 1490 2007 abiecto
1525 1964 1649 2006 omni
1684 1963 1868 2020 pudore,
1906 1963 2081 2013 timore,

387 2036 432 2073 et
481 2033 732 2075 reverentia
780 2049 870 2077 non
918 2040 1133 2078 verentur
1199 2040 1485 2091 praesentem
1546 2035 1750 2077 divinam
1798 2033 1905 2077 Mtem
1952 2039 2130 2077 tanta25

386 2102 564 2145 afficere
599 2106 885 2154 contumelia,
922 2111 1146 2162 quantam
1179 2121 1271 2149 non
1305 2106 1524 2148 auderent
1559 2105 1750 2161 principi
1785 2110 1865 2148 aut
1900 2104 2084 2147 domino

386 2186 466 2215 suo
488 2173 715 2229 irrogare?
753 2176 840 2218 Cur
874 2177 1068 2233 denique
1102 2177 1316 2219 scandalo
1345 2182 1452 2219 sunt
1474 2176 1559 2232 piis
1581 2176 1827 2226 catholicis,
1852 2190 2016 2232 eosque
2039 2175 2085 2218 in

385 2257 464 2285 sua
496 2244 737 2288 devotione
767 2248 1072 2302 perturbant?
1109 2248 1283 2298 Sinant,
1316 2261 1484 2303 quaeso
1515 2261 1603 2296 eos,
1636 2247 1788 2289 sinant
1836 2246 1951 2289 ritus
1981 2259 2085 2289 suos

387 2314 538 2369 quiete
577 2330 793 2366 exercere,
834 2333 1077 2375 precesque
1116 2333 1220 2361 suas
1259 2320 1355 2362 Deo
1395 2318 1489 2361 sine
1528 2317 1871 2374 perturbatione
1909 2318 2081 2360 offerre.

394 2385 772 2442 Quandoquidem
815 2403 896 2431 nec
939 2389 1024 2445 ipsi
1067 2390 1228 2432 volunt
1272 2389 1318 2431 in
1361 2389 1452 2431 suis
1495 2388 1820 2444 superstitiosis
1862 2388 2132 2431 erroribusao

388 2457 628 2506 contemni,
653 2457 825 2501 irrideri
846 2465 891 2502 et
914 2460 1135 2516 impediri,
1160 2465 1280 2502 certe
1302 2460 1338 2502 si
1360 2461 1509 2503 Deum
1531 2465 1576 2502 et
1599 2460 1780 2515 angelos
1801 2473 1893 2502 non
1913 2473 2085 2502 revere-

389 2526 556 2568 bantur
597 2534 867 2583 praesentes,
912 2531 1075 2573 saltem
1117 2531 1286 2587 regiam
1317 2531 1589 2586 dignitatem
1620 2531 1841 2573 honorare
1872 2535 1918 2572 et
1949 2529 2086 2585 perti-

390 2666 513 2706 velut
551 2682 618 2709 res
655 2670 849 2714 ludicras
886 2677 966 2714 aut
1004 2673 1231 2715 comedias
1269 2672 1421 2715 Plauti
1458 2677 1539 2714 aut
1575 2671 1774 2714 Terentii
1811 2671 2082 2727 exciperent,
2129 2683 2135 2690 ·

388 2735 640 2780 deriderent
670 2745 714 2782 et
744 2742 1139 2786 calumniarentur.
1175 2745 1213 2787 O
1244 2748 1463 2798 tempora,
1495 2757 1521 2785 o
1551 2756 1709 2791 mores,
1734 2756 1760 2784 o
1782 2756 1877 2784 rem
1898 2753 2132 2798 praepo-³5

389 2809 556 2848 steram
593 2814 636 2850 et
675 2811 1004 2856 detestandam.
1031 2815 1143 2862 Rex,
1169 2814 1278 2856 dum
1310 2827 1488 2856 sacrum
1519 2813 1788 2868 mysterium
1819 2812 2082 2861 celebratur,

392 2882 527 2929 caput
571 2878 752 2935 detegit,
798 2883 925 2926 miles
968 2884 1004 2926 si
1047 2889 1184 2927 antea
1226 2884 1425 2926 habebat
1470 2888 1692 2939 apertum,
1735 2888 1845 2925 tunc
1888 2880 2085 2926 maxime

393 2945 515 2999 tegit.
558 2949 653 2991 Rex
691 2951 832 2994 flectit
869 2968 1028 3008 genua,
1087 2955 1214 2998 miles
1251 2959 1344 2997 stat
1382 2959 1568 2996 erectus.
1610 2955 1709 2996 Rex
1747 2953 1818 3009 pie
1857 2953 2085 2997 Christum

2174 2268 2178 2288 J

390 2609 580 2639 mescere
616 2599 880 2651 debuerant,
919 2616 974 2644 ne
1010 2602 1055 2644 in
1091 2602 1186 2644 eius
1221 2601 1545 2644 contumeliam
1580 2615 1708 2643 sacra
1743 2601 2098 2650 catholicorum,·
2166 2590 2173 2681 f

2166 2686 2171 2711 2

2164 2719 2170 2808 ἕ

2160 2814 2169 3018 i

393 3015 552 3058 adorat
581 3018 625 3060 in
653 3022 935 3074 eucharistia,
966 3025 1093 3067 miles
1121 3025 1315 3068 eundem
1342 3024 1497 3066 irridet
1526 3029 1571 3066 et
1600 3024 1773 3066 idolum
1801 3024 2084 3080 papistarum

392 3087 603 3140 appellat.
646 3091 742 3133 Rex
781 3094 877 3136 Deo
916 3095 1142 3150 praesenti
1179 3094 1470 3138 necessitates
1507 3094 1632 3152 regni
1671 3095 1740 3137 sui
1778 3094 2129 3143 commendat,4o

393 3156 598 3210 precibus
634 3159 745 3204 iram
782 3164 865 3206 Dei
904 3165 1036 3221 (quae
1072 3166 1263 3208 nimium
1299 3170 1484 3221 propter
1517 3165 1764 3208 horrendas
1799 3166 2003 3208 haereses
2037 3164 2084 3207 in
