2188 3535
173 215 270 253 1579
299 206 370 250 jul.
403 205 546 250 elejen]
941 206 1016 241 No.
1051 217 1095 253 25
1819 218 1863 252 77

166 337 361 372 manere,
402 323 433 365 ii
471 323 650 366 tamdiu
688 323 993 374 sustinebunt,
1035 325 1254 381 quamdiu
1294 325 1442 367 Roma
1481 324 1550 367 vel
1593 324 1776 367 aliunde
1815 325 1862 366 in

169 407 324 436 eorum
351 393 501 436 locum
529 394 604 436 alii
632 399 896 443 avocentur,
925 395 1106 451 iamque
1135 396 1183 437 P.
1208 395 1466 451 Stephanus
1487 396 1654 438 Arator
1671 397 1688 424 ⁴
1715 400 1760 438 et
1789 395 1866 437 alii

168 463 373 506 nonnulli
400 469 714 519 expectantur.

284 544 323 588 5.
359 534 573 590 Urgenda
608 539 675 577 est
711 549 866 578 eorum
901 535 1134 590 profectio,
1172 541 1223 578 ut
1259 536 1350 579 sint
1385 536 1449 579 ibi
1482 536 1529 578 in
1564 541 1768 592 tempore
1804 536 1864 578 ad

120 619 139 647 5
169 604 441 660 colligendos
465 605 640 648 fructus
664 606 927 648 monasterii
951 606 1210 662 assignandi
1234 607 1365 649 istius
1389 607 1496 649 anni
1520 612 1618 649 tam
1642 607 1688 648 in
1712 606 1865 649 tritico

169 679 214 717 et
244 675 448 730 frugibus
477 680 522 717 et
552 675 664 725 aliis,
713 690 853 732 quam
882 676 929 718 in
958 676 1064 719 vino
1094 682 1138 719 et
1168 682 1330 733 parent
1362 692 1573 727 anonam,
1620 692 1701 733 pro
1744 691 1864 719 anno

170 745 357 801 integro,
385 751 430 788 et
455 747 590 789 ultra.

286 816 324 858 6.
361 817 474 859 Cum
495 817 615 860 bona
635 816 766 859 istius
787 817 1049 860 monasterii
1070 818 1160 860 sint
1181 818 1382 874 undique
1397 818 1680 861 circumdata
1695 832 1721 860 a
1737 817 1867 860 bonis

170 886 408 942 regalibus,
432 887 556 930 nulla
575 887 760 930 omnino
781 888 990 930 molestia
1012 888 1066 931 de
1087 888 1253 931 finibus
1274 889 1359 931 illis
1381 889 1671 932 exhibebitur
1692 902 1719 930 a
1739 887 1867 930 nobi-

121 975 157 1004 10
170 957 301 1007 libus,
345 962 398 999 ut
425 958 591 1000 accidit
617 958 715 1000 aliis
742 963 787 1000 et
813 959 1050 1001 habebunt
1076 959 1310 1001 libertates
1336 964 1382 1001 et
1409 959 1720 1015 exemptiones
1747 972 1864 1001 suas.

287 1040 326 1083 7.
361 1029 689 1071 Monasterium
719 1029 844 1071 istud
873 1043 977 1071 cum
1008 1029 1066 1071 sit
1101 1029 1302 1085 positum
1345 1029 1391 1071 in
1421 1029 1519 1071 loco
1550 1028 1867 1071 amoenissimo

170 1103 215 1140 et
242 1113 346 1141 cum
372 1099 661 1155 amplissimis
687 1100 915 1149 aedificiis,
942 1104 995 1141 ut
1021 1100 1145 1156 quod
1169 1100 1345 1142 solebat
1371 1113 1466 1142 esse
1491 1099 1538 1141 in
1564 1099 1729 1141 delitiis
1754 1098 1868 1154 regis

170 1169 362 1224 Joannis
394 1170 708 1225 praedefuncti
739 1175 784 1212 et
816 1170 862 1212 in
893 1170 1110 1213 suburbio
1142 1170 1343 1213 civitatis
1375 1169 1601 1219 Colosvar‚
1653 1183 1769 1225 quae
1801 1173 1868 1210 est

171 1239 532 1296 populosissima,
564 1255 616 1283 eo
646 1241 875 1283 confluent
906 1240 1163 1283 scholastici
1192 1239 1517 1297 quamplurimi
1546 1244 1592 1282 et
1621 1239 1871 1281 multorum

122 1325 158 1353 15
171 1310 347 1353 animas
378 1311 465 1366 ipsi
497 1316 650 1367 patres
683 1311 887 1366 Jesuitae
921 1311 1098 1353 Christo
1131 1311 1242 1366 Jesu
1275 1310 1392 1353 tueri
1442 1310 1588 1353 facere
1637 1314 1868 1365 poterunt.

288 1382 328 1423 8.
364 1381 497 1424 Ultra
520 1381 821 1436 possessiones
843 1386 888 1422 et
910 1381 1031 1423 bona
1051 1381 1234 1423 stabilia
1254 1380 1388 1423 multi
1409 1380 1556 1436 pretii,
1581 1393 1698 1436 quae
1719 1383 1872 1434 patres

172 1451 377 1505 Jesuitae
400 1452 651 1501 habebunt,
677 1466 732 1493 ex
756 1451 976 1493 mandato
1000 1451 1114 1506 regis
1135 1451 1470 1507 recuperabunt
1495 1450 1635 1492 etiam
1659 1449 1870 1498 decimas,

173 1535 291 1577 quae
334 1521 467 1563 hodie
499 1522 545 1563 in
575 1523 735 1564 fiscum
782 1522 1040 1564 inferuntur
1072 1526 1117 1564 et
1149 1522 1186 1564 si
1218 1523 1330 1564 haec
1361 1535 1453 1564 non
1484 1521 1595 1563 satis
1627 1525 1773 1569 erunt,
1815 1519 1874 1562 ad

174 1592 388 1634 alendum
411 1603 467 1646 50
490 1597 656 1648 patres,
683 1592 822 1634 addet
847 1593 990 1634 Sermus
1011 1605 1091 1634 rex
1115 1592 1169 1634 de
1192 1607 1287 1635 suo.

123 1681 161 1710 20
290 1676 328 1719 9.
365 1663 480 1705 Sunt
503 1668 595 1705 tres
617 1663 750 1705 villae
771 1663 906 1705 huius
928 1663 1191 1705 monasterii
1207 1665 1224 1690 5
1246 1663 1469 1705 alienatae
1492 1662 1602 1704 alias
1625 1675 1704 1718 per
1724 1675 1873 1716 regem

173 1733 552 1789 praedefunctum
592 1734 638 1775 in
678 1734 980 1776 Blandratam
1020 1734 1371 1783 haeresivorum‚
1411 1733 1489 1789 qui
1528 1733 1626 1774 illas
1666 1731 1872 1775 vendidit

173 1818 254 1860 pro
281 1814 305 1858 5
334 1804 580 1859 milia[bus]
611 1804 790 1855 taleris;
823 1805 921 1854 hae,
951 1804 1159 1860 expensis
1186 1804 1314 1860 regis,
1343 1804 1623 1846 redimentur
1650 1817 1676 1845 a
1702 1815 1873 1858 posses-

174 1875 349 1917 soribus
376 1879 421 1917 et
447 1875 631 1930 collegio
658 1875 982 1917 attribuentur.

293 1958 358 1988 1o.
395 1945 440 1988 Si
468 1950 620 2001 patres
647 1946 875 1988 noluerint
903 1946 1069 1988 habere
1097 1945 1328 1988 molestias
1355 1944 1627 2001 procurandi
1655 1942 1874 1986 eiusmodi

125 2031 163 2060 25
176 2016 296 2058 bona
320 2016 604 2071 temporalia,
632 2016 934 2071 possessiones
960 2021 1005 2058 et
1032 2016 1176 2065 villas,
1221 2016 1407 2058 dabitur
1431 2015 1594 2072 aliquis
1619 2014 1689 2057 vir
1713 2012 1875 2056 nobilis

176 2101 203 2128 a
231 2087 358 2129 serm
384 2101 498 2142 rege,
542 2087 620 2142 qui
668 2087 785 2129 hanc
813 2087 1180 2142 procurationem
1207 2086 1424 2142 suscipiat
1465 2090 1511 2128 et
1539 2090 1659 2127 recte
1687 2098 1738 2126 ac
1766 2083 1873 2125 fide-

176 2157 278 2199 liter
314 2161 512 2199 tueatur.

296 2240 362 2270 11.
399 2229 462 2271 Ut
498 2228 570 2277 sit,
609 2228 687 2284 qui
721 2227 767 2269 in
803 2227 1140 2283 pontificalibus
1174 2227 1405 2275 inserviat,
1442 2225 1621 2268 ordines
1655 2223 1872 2272 conferat,

180 2298 388 2340 ecclesias
409 2302 454 2340 et
476 2298 639 2340 altaria
659 2302 903 2347 consecret,
942 2297 1198 2340 reconciliet
1219 2297 1462 2352 profanata
1482 2300 1527 2337 et
1549 2295 1637 2337 alia
1657 2293 1878 2336 eiusmodi

129 2386 166 2414 30
179 2369 357 2411 curabit
392 2369 535 2411 Sermus
566 2383 645 2411 rex
679 2368 803 2424 apud
835 2369 877 2410 S.
905 2369 960 2410 D.
986 2369 1238 2410 Nostrum⁶
1271 2367 1438 2409 habere
1471 2365 1733 2421 episcopum
1766 2363 1877 2405 titu-

179 2439 318 2482 larem
334 2443 574 2495 tamquam
589 2440 961 2494 suffraganeum‚⁷
977 2438 1049 2480 cui
1064 2437 1278 2480 Maiestas
1297 2437 1388 2479 Sua
1406 2435 1654 2491 assignabit
1673 2433 1879 2476 redditus

180 2509 240 2552 ad
277 2510 510 2552 ferendam
550 2510 822 2565 dignitatem
861 2508 1163 2564 episcopalem
1201 2507 1490 2549 sufficientes.

298 2593 365 2624 12.
402 2582 504 2623 Non
528 2581 674 2622 solum
698 2579 1013 2635 providebitur
1051 2578 1259 2633 patribus
1282 2577 1380 2619 istis
1404 2577 1459 2619 de
1482 2575 1606 2618 libris
1629 2580 1676 2617 et
1699 2574 1877 2630 suppel-

181 2650 319 2693 lectili
347 2651 599 2693 necessaria
627 2665 709 2706 pro
739 2650 874 2692 domo
905 2654 950 2691 et
980 2648 1172 2691 officinis
1202 2662 1371 2697 eorum,
1419 2647 1498 2689 sed
1527 2646 1652 2703 quod
1680 2645 1877 2701 pertinet

133 2735 170 2762 35
184 2721 243 2763 ad
264 2721 511 2771 ecclesiam,
535 2722 772 2764 habebunt
795 2725 952 2763 vetera
974 2723 1242 2774 paramenta
1264 2718 1423 2767 multa,
1449 2722 1588 2774 atque
1610 2720 1880 2759 ornamenta

184 2792 336 2834 omnia
363 2792 516 2848 magni
544 2792 691 2848 pretii,
739 2805 856 2848 quae
883 2790 929 2832 in
957 2789 1103 2845 capsis
1131 2789 1279 2831 adhuc
1307 2793 1600 2831 asservantur
1626 2792 1672 2829 et
1700 2799 1878 2842 repara-

313 2927 328 2948 ⁴
354 2928 390 2962 A
419 2928 619 2962 Romabol
646 2927 739 2962 vart
766 2937 934 2971 magyar
960 2926 1004 2960 P.
1034 2924 1182 2959 Szanto
1210 2924 1364 2959 Istvan.

313 2986 328 3008 ⁵
355 2987 412 3021 Ez
443 2998 467 3022 a
498 2986 930 3022 Kolozsmonostorhoz
958 2986 1159 3019 tartozott
1186 2983 1326 3018 harom
1355 2983 1524 3028 kozseg:
1557 2981 1672 3022 Bacs,
1705 2981 1880 3026 Jegenye

185 3045 226 3079 <es
255 3045 449 3090 Kajanto.
480 3045 495 3067 θ
548 3046 686 3080 Ekkor
715 3057 762 3080 az
798 3044 989 3089 1572-ben
1018 3042 1156 3077 tronra
1184 3042 1312 3088 lepett
1341 3042 1461 3076 XIII.
1493 3041 1662 3086 Gergely
1691 3038 1808 3084 papa.

136 3112 174 3140 4ο
314 3104 327 3125 ⁷
356 3105 434 3138 Ezt
459 3115 483 3139 a
507 3104 637 3150 kiraly
662 3104 773 3139 azert
792 3101 946 3148 ohajta,
977 3101 1097 3136 mivel
1122 3111 1168 3135 az
1193 3100 1344 3146 erdelyi
1367 3099 1541 3146 piispoki
1564 3098 1658 3133 szek
1688 3097 1784 3141 1556
1809 3095 1880 3130 ota

185 3161 424 3196 betoltetlen
451 3162 550 3197 volt.
