2188 3535
125 203 216 246 1583
250 198 333 244 apr.
371 200 433 243 12]
886 199 960 233 No.
991 210 1042 245 90
1737 202 1809 234 281

121 317 323 366 Eussino‚
357 316 420 359 mi
450 317 749 359 affermarono
780 331 967 373 persone
998 318 1201 374 pratiche
1232 323 1277 361 et
1308 318 1459 367 nobili,
1494 319 1574 360 che
1607 333 1716 360 sono
1749 319 1810 361 da

120 392 344 444 quaranta
374 387 482 429 mila
514 387 708 442 villaggi‚
750 387 766 429 i
797 388 919 444 quali
959 403 1136 444 pagano
1177 390 1374 432 seicento
1415 389 1523 431 mila
1564 389 1719 431 ducati
1761 389 1806 431 di

121 458 292 501 tributo
321 458 425 514 ogni
453 472 572 500 anno
601 458 645 500 al
672 458 830 500 Turco.
862 459 924 500 Et
953 459 1066 501 tutti
1095 465 1253 515 queste
1281 459 1465 516 reliquie
1494 460 1592 501 dell’
1628 459 1808 502 antiche

121 529 290 571 colonie
315 531 534 577 Romane,
561 531 598 571 51
622 542 748 571 come
773 543 886 571 anco
909 530 1091 585 hoggidi
1114 545 1170 573 ne
1194 531 1385 573 serbano
1408 531 1452 573 la
1475 530 1629 586 lingua
1653 536 1809 572 nostra

74 615 91 643 5
121 604 331 648 corrotta,
374 599 612 641 chiamano
653 600 726 642 Vra
765 600 841 642 Bne
881 601 1026 643 Padre
1081 606 1125 642 et
1179 616 1288 644 sono
1342 601 1575 643 christiani
1615 601 1808 643 secondo

120 671 150 712 il
169 670 257 712 rito
278 671 432 719 Greco,
456 684 532 712 ma
552 684 678 712 come
699 684 808 712 sono
828 670 971 720 idioti,
993 685 1084 713 non
1104 672 1396 714 havrebbono
1417 672 1567 728 quella
1587 672 1808 713 difficolta

120 741 166 783 in
192 740 389 783 rendersi
415 740 503 783 alla
529 741 688 783 Chiesa
713 741 938 791 cattolica‚
966 742 1010 784 10
1036 743 1167 798 quale
1192 743 1344 785 hanno
1370 742 1384 784 i
1411 742 1539 785 Greci
1561 756 1567 784 :
1598 742 1813 784 massime

120 813 201 854 che
235 812 299 854 fin
333 812 444 854 hora
482 826 591 854 sono
627 812 737 854 stati
773 826 906 854 senza
941 813 1080 854 studii
1115 818 1159 855 et
1197 813 1405 869 depressi,
1444 828 1528 855 000
1565 818 1690 855 tutto
1727 814 1811 855 che

120 882 339 925 mostrino
374 882 493 925 nella
526 882 668 925 faccia
702 888 746 925 et
781 883 880 925 nell’
919 883 1083 925 attioni
1117 884 1268 926 animo
1303 889 1346 926 et
1382 884 1571 939 giuditio
1604 884 1805 926 italiano.

76 969 108 996 ιο
252 953 315 996 Or
340 953 385 995 la
413 953 681 1009 provisione,
712 954 755 995 la
783 954 915 1009 quale
943 954 979 995 si
1006 955 1120 996 vede
1148 969 1292 996 essere
1319 954 1568 996 necessaria
1595 968 1622 996 a
1650 959 1813 1009 questa

121 1024 380 1066 santissima
411 1024 607 1080 impresa
640 1029 684 1066 et
719 1039 830 1066 anco
864 1039 891 1066 a
923 1025 1123 1067 stabilire
1155 1025 1195 1067 le
1229 1039 1328 1067 cose
1362 1025 1477 1067 della
1507 1025 1710 1074 Livonia,
1734 1038 1816 1080 per

121 1095 289 1137 andare
328 1095 514 1137 insieme
555 1096 614 1137 da
653 1095 802 1151 quella
840 1100 970 1150 parte
1011 1096 1081 1137 del
1122 1095 1426 1138 Settentrione
1481 1095 1812 1150 guadagnando

121 1166 447 1221 spaciosissime
472 1165 654 1221 regioni,
682 1180 773 1208 non
802 1168 901 1208 sara
926 1168 982 1208 00
1008 1166 1053 1208 (11
1078 1180 1278 1221 persone,
1306 1168 1362 1208 00
1388 1166 1433 1208 (11
1459 1166 1624 1207 denaro
1649 1165 1813 1220 uguale

121 1251 148 1279 a
173 1237 261 1280 due
287 1237 378 1279 sole
404 1237 550 1293 galere
576 1236 753 1285 fomite,
786 1237 827 1279 10
853 1236 975 1292 quali
1000 1237 1114 1279 bene
1140 1251 1292 1292 spesso
1317 1236 1552 1292 patiscono
1578 1235 1812 1290 naufragio

74 1323 109 1351 15
120 1312 166 1349 et
190 1307 226 1349 si
248 1307 450 1363 perdono
473 1308 693 1350 servendo
717 1321 744 1349 a
765 1307 991 1349 contrario
1014 1308 1172 1350 effetto
1195 1307 1241 1349 di
1264 1307 1367 1363 quel
1390 1307 1471 1349 che
1494 1306 1529 1348 si
1553 1306 1809 1361 disegnava.

121 1378 193 1421 Gli
225 1378 419 1434 operarii
451 1392 646 1434 possono
679 1392 821 1420 essere
855 1378 971 1420 della
1005 1378 1281 1433 Compagnia
1313 1382 1481 1426 nostra,
1518 1377 1589 1419 del
1622 1376 1818 1432 Collegio

121 1449 404 1498 Germanico,
442 1449 542 1491 dell'
563 1448 748 1504 Inglese,
784 1448 900 1490 della
932 1453 1064 1491 santa
1095 1448 1304 1504 religione
1337 1448 1383 1490 di
1414 1448 1504 1490 San
1536 1449 1811 1489 Francesco:

121 1519 306 1576 poichei
321 1519 489 1562 Turchi
503 1520 543 1561 10
558 1524 752 1575 portano
770 1519 961 1574 rispetto
979 1524 1025 1561 et
1043 1533 1155 1561 anco
1174 1519 1243 1561 de’
1266 1519 1388 1562 Preti
1406 1519 1451 1561 di
1470 1519 1560 1561 San
1577 1518 1815 1560 Gerolamo

121 1605 148 1633 0
185 1590 302 1633 della
339 1590 584 1638 Vallicella,
625 1604 670 1632 50
708 1604 933 1632 vorranno
971 1590 1239 1632 cominciare
1277 1604 1304 1632 a
1341 1589 1532 1632 snidarsi
1569 1589 1614 1631 di
1652 1591 1812 1637 Roma,

75 1678 110 1705 20
122 1665 167 1703 et
189 1661 249 1704 ad
269 1661 466 1704 attuarsi
486 1675 566 1717 per
587 1660 774 1703 servizio
795 1675 902 1703 vero
925 1660 970 1702 di
990 1661 1090 1703 Dio.
1116 1661 1374 1716 Cinquanta
1395 1659 1617 1703 sacerdoti
1638 1660 1815 1701 almeno

123 1746 202 1788 per
229 1737 391 1788 questo
420 1746 539 1774 anno
568 1731 775 1774 disidero.
806 1733 960 1787 Luogo
988 1736 1033 1773 et
1062 1732 1214 1787 popoli
1242 1733 1322 1773 che
1350 1731 1409 1787 gli
1437 1730 1820 1773 abbraccieranno

123 1817 214 1845 non
259 1804 609 1852 mancheranno,
644 1802 975 1858 cooperandovi
1020 1803 1274 1844 virilmente
1319 1803 1406 1844 alla
1451 1806 1583 1844 santa
1627 1801 1817 1843 volunta

124 1873 170 1916 di
195 1873 297 1916 Dio.
326 1875 387 1915 Et
414 1874 528 1915 colla
552 1873 706 1928 lingua
730 1873 886 1922 latina,
913 1874 957 1915 la
983 1873 1115 1929 quale
1140 1873 1270 1915 molti
1295 1873 1433 1915 nobili
1459 1873 1558 1914 nell’
1588 1871 1817 1927 Ungheria

124 1944 388 1993 intendono,
418 1944 433 1985 i
461 1944 584 1999 quali
612 1944 684 1999 gia
711 1943 947 1986 volentieri
974 1945 1268 1986 havrebbono
1297 1944 1445 1986 alcuni
1473 1942 1694 1985 sacerdoti
1723 1946 1815 1983 cat-

76 2032 111 2058 25
124 2014 260 2064 101101,
291 2020 335 2056 01
362 2029 441 2070 per
465 2014 540 2056 via
567 2014 612 2056 di
637 2014 886 2070 interpreti,
932 2029 1058 2056 come
1084 2015 1120 2056 51
1146 2015 1192 2057 10
1217 2015 1317 2056 nell’
1348 2014 1488 2062 Indie,
1518 2018 1562 2055 et
1589 2027 1673 2055 con
1698 2012 1811 2060 libri,

123 2085 138 2126 i
159 2085 282 2141 quali
302 2100 411 2127 sono
432 2084 652 2140 stampati
668 2090 713 2126 et
730 2087 753 2127 0
768 2085 1016 2127 necessario
1037 2086 1117 2127 che
1138 2085 1215 2152 pifi
1236 2099 1281 2127 se
1302 2099 1357 2126 ne
1373 2084 1553 2139 stampi,
1572 2088 1616 2125 et
1633 2083 1818 2125 coll'im-

125 2170 285 2212 parare
306 2156 455 2212 quella
473 2155 638 2211 lingua,
660 2156 705 2197 la
724 2155 856 2211 quale
875 2170 967 2197 non
986 2157 1010 2197 0
1029 2157 1193 2197 0110110
1214 2155 1407 2203 difficile,
1430 2155 1572 2196 molto
1593 2154 1628 2195 si
1648 2153 1817 2195 andera

124 2226 271 2269 inanti
287 2227 401 2268 colla
416 2226 562 2282 gratia
584 2226 749 2268 divina.
782 2226 870 2268 Fra
884 2230 1016 2267 tanto
1033 2239 1322 2267 cresceranno
1338 2225 1482 2280 quelle
1498 2238 1646 2265 nuove
1662 2223 1817 2278 piante

125 2297 196 2340 del
214 2297 452 2339 seminario
471 2297 516 2339 di
533 2298 605 2338 Vra
622 2297 698 2338 Bne
715 2301 760 2338 et
779 2296 850 2338 del
868 2297 936 2338 Re
956 2296 1017 2350 (se
1035 2297 1135 2338 sara
1152 2295 1387 2349 stabilito),
1405 2295 1445 2337 10
1461 2294 1582 2350 quali
1599 2307 1820 2335 accresce-

78 2382 266 2412 301‘ann0
311 2368 563 2424 parimente
607 2367 679 2409 nel
725 2366 834 2408 01010
878 2366 1017 2409 nuovi
1063 2366 1215 2421 gaudii
1260 2379 1286 2407 a
1316 2367 1390 2407 VTa
1421 2364 1725 2407 Beatitudine.
1777 2363 1815 2404 Il

124 2438 370 2481 medesimo
415 2439 514 2480 dico
559 2438 676 2480 della
720 2437 922 2486 Livonia,
970 2451 1050 2492 per
1086 2437 1130 2478 la
1160 2436 1304 2492 quale,
1338 2439 1375 2478 si
1407 2450 1532 2477 come
1562 2449 1653 2476 non
1684 2448 1819 2476 senza

125 2509 309 2565 cagione
338 2510 381 2552 io
412 2508 674 2552 sollecitavo
704 2508 749 2550 di
779 2507 1021 2556 Moscovia,
1054 2512 1099 2549 et
1129 2507 1175 2548 in
1196 2508 1331 2548 breve
1354 2506 1390 2548 si
1411 2506 1550 2548 vedra
1579 2505 1668 2560 pe'l
1697 2519 1816 2546 com-

126 2580 348 2623 mentario
386 2581 467 2622 che
503 2580 546 2622 n'
586 2581 645 2622 ho
683 2579 814 2627 10110,
854 2578 1042 2633 bisogna
1078 2591 1316 2633 procurare
1352 2575 1819 2619 efficacissimamente

125 2655 171 2693 et
202 2651 438 2700 sacerdoti,
471 2656 516 2693 et
549 2649 740 2706 operarii
766 2654 810 2691 et
838 2663 922 2691 con
948 2653 1108 2704 questo
1142 2648 1299 2690 alcune
1333 2647 1516 2690 colonie.
1554 2647 1609 2688 In
1642 2647 1723 2688 che
1756 2645 1816 2700 gli

80 2721 311 2765 35heretici
349 2736 494 2764 usano
534 2721 638 2777 ogni
676 2720 850 2771 sforzo;
891 2733 947 2761 ne
986 2718 1282 2774 risparmiano
1320 2718 1418 2760 vita
1457 2722 1502 2760 et
1541 2716 1699 2759 danari
1738 2729 1819 2771 per

127 2792 388 2848 prevenirci.
416 2793 476 2834 Et
501 2793 589 2834 Dio
614 2791 772 2847 Signor
795 2791 961 2833 Nostro
986 2789 1026 2831 ci
1050 2789 1160 2831 (10ῑο
1182 2789 1226 2831 10
1249 2789 1414 2845 palma,
1458 2803 1503 2830 se
1540 2801 1713 2830 saremo
1737 2786 1818 2842 pisi
1842 2793 1845 2795 ’

128 2862 330 2919 diligenti
364 2868 409 2905 et
442 2862 630 2906 risoluti.
667 2863 741 2904 Vra
761 2862 837 2904 Bne
858 2860 894 2903 si
916 2860 1047 2916 degni
1068 2860 1114 2902 di
1134 2874 1334 2915 pensare,
1359 2873 1404 2901 se
1424 2859 1471 2900 in
1492 2858 1627 2900 Italia
1647 2857 1814 2899 fossero

128 2933 209 2975 soli
248 2933 395 2976 dodici
426 2948 452 2976 0
488 2932 687 2990 quindici
726 2931 961 2981 sacerdoti,
1004 2935 1174 2986 quante
1212 2930 1360 2972 anime
1399 2929 1649 2971 sarebbono
1688 2927 1815 2983 prive

130 3003 246 3046 della
270 3004 415 3047 salute
440 3009 608 3046 eterna.
636 3005 908 3046 Veramente
933 3001 1078 3043 vorrei
1104 3001 1182 3056 pisi
1207 3005 1328 3042 tosto
1355 3001 1436 3042 che
1462 2999 1498 3041 si
1525 2999 1814 3041 disfacessero

82 3089 117 3117 40
129 3073 241 3116 dieci
267 3074 437 3130 collegii
464 3079 509 3117 et
536 3073 781 3117 monasteri
807 3073 848 3115 d'
870 3072 1004 3114 Italia
1030 3072 1110 3113 che
1138 3071 1173 3113 si
1199 3084 1430 3113 mancasse
1457 3069 1545 3112 alla
1570 3068 1742 3116 ricolta,
1771 3067 1816 3110 la

129 3145 261 3200 quale
297 3147 320 3187 0
355 3145 427 3200 gia
461 3150 643 3187 matura
677 3144 724 3186 in
760 3143 904 3200 quelle
940 3141 1232 3198 grandissime
1268 3140 1510 3197 provincie.
1551 3140 1635 3181 Per
1670 3137 1819 3194 quelle
