2188 3535
866 199 899 233 F
900 199 1065 246 figgelek
1742 212 1761 247 3
1770 211 1783 234 1
1795 211 1814 246 3

125 317 214 358 fere
245 315 409 370 probro
441 319 537 356 erat
569 315 865 359 christianum
896 319 1023 360 esse?
1063 319 1277 361 Ludibrio
1308 320 1562 361 habebatur
1593 320 1815 362 modestia

124 390 275 428 vestra
303 387 361 427 ab
383 386 802 435 immodestissimis,
836 389 1068 431 ridebatur
1101 391 1358 432 constantia
1389 394 1540 431 vestra
1573 391 1631 431 ab
1663 391 1815 432 incon-

124 456 427 506 stantissimis,
460 457 729 499 tentabatur
760 457 905 501 virtus
936 464 1087 501 vestra
1118 461 1176 501 ab
1208 460 1511 515 ignarissimis,
1545 462 1815 515 carpebatur

123 528 234 569 fides
266 530 419 569 vestra
453 529 510 569 ab
543 526 872 578 infidelissimis,
924 535 1076 571 vestra
1109 531 1310 584 probitas
1344 545 1498 574 eorum
1532 531 1816 586 improbitati

79 615 95 643 5
126 598 280 640 fabula
316 602 442 640 erat:
480 611 584 639 vere
620 599 930 651 spectaculum
966 600 1075 641 tacti
1112 601 1221 649 Deo,
1245 602 1426 657 Angelis
1461 605 1506 643 et
1543 603 1814 645 hominibus.

252 669 319 710 Ac
345 669 515 724 nequid
541 668 726 709 omnino
754 669 858 710 huic
885 670 1106 712 malorum
1133 672 1312 713 cumulo
1341 674 1526 722 deesset,
1556 673 1633 728 qui
1661 673 1814 714 ederat

126 753 265 794 panes
280 743 469 790 vestros,
486 738 565 795 qui
580 738 714 780 simul
729 740 965 781 vobiscum
981 741 1130 782 dulces
1146 747 1324 796 caperet
1340 743 1476 792 cibos,
1494 743 1814 799 magnificabat

126 810 341 853 adversus
373 825 455 852 vos
485 810 887 863 suplantationem.
921 811 980 852 Et
1013 816 1166 853 tamen
1197 812 1348 854 videte
1379 813 1619 863 auditores,
1644 816 1818 869 quanta

125 881 172 922 in
199 881 438 924 Bathoreis
464 881 747 936 magnitudo,
778 885 954 936 quanta
979 881 1025 922 in
1052 883 1258 924 omnibus
1286 883 1353 925 his
1379 884 1652 938 perferendis
1679 882 1819 925 animi

79 968 114 995 10
126 952 417 994 constantia?
465 952 573 1007 Quis
609 951 764 1007 aequis
799 952 982 993 auribus
1018 953 1188 1003 audiat,
1227 954 1443 995 familiam
1477 955 1816 1005 nobilissimam,

126 1023 281 1064 multis
316 1023 539 1064 maiorum
573 1022 820 1064 honoribus
855 1026 899 1064 et
934 1023 1080 1064 titulis
1115 1024 1351 1073 munitam,
1388 1025 1625 1079 praeclaris
1657 1025 1702 1066 in
1724 1039 1818 1066 rem

126 1094 357 1148 publicam
376 1094 547 1135 meritis
568 1098 791 1142 ornatam,
830 1106 911 1148 pro
931 1093 1070 1135 nihilo
1090 1094 1256 1144 haberi,
1295 1094 1461 1149 despici
1481 1108 1533 1135 ac
1553 1096 1779 1138 contemni
1797 1096 1813 1137 ?

127 1165 187 1205 At
224 1165 272 1205 hi
308 1166 463 1207 heroes
501 1163 778 1220 magnanimi
831 1164 1177 1218 experiebantur
1215 1170 1258 1206 et
1297 1170 1450 1206 tamen
1487 1179 1630 1220 aequo
1668 1166 1818 1208 animo

128 1236 347 1286 terebant,
377 1249 626 1291 paucorum
656 1235 964 1289 improbitate,
1004 1249 1049 1276 se
1088 1236 1145 1276 ob
1183 1235 1433 1277 maiestatis
1482 1228 1644 1278 Christi
1682 1250 1819 1278 asser-

80 1322 115 1350 15
127 1306 312 1357 tionem,
345 1308 404 1349 ob
433 1320 561 1361 spem
590 1307 813 1348 bonorum
843 1305 898 1347 de
929 1319 974 1346 se
1005 1310 1284 1360 conceptam,
1318 1307 1376 1347 ob
1407 1306 1541 1348 fidem
1571 1307 1743 1360 patriae
1775 1311 1819 1348 et

127 1377 318 1432 principi
363 1382 607 1427 servatam,
659 1380 822 1419 senatu
868 1376 1052 1425 moveri,
1100 1376 1213 1431 regis
1261 1381 1447 1430 aspectu
1494 1377 1644 1426 arceri,
1693 1377 1821 1418 aditu

127 1448 368 1502 prohiberi,
405 1449 506 1491 telis
542 1448 827 1490 inimicorum
863 1446 1042 1501 exponi,
1081 1447 1246 1488 scilicet
1284 1448 1375 1490 iam
1410 1452 1511 1489 tum
1547 1447 1819 1496 calamitate,

128 1519 271 1560 Veluti
307 1520 365 1561 ad
400 1525 548 1562 cotem
583 1519 729 1561 virtus
766 1519 995 1560 Bathorea
1030 1519 1289 1567 acuebatur,
1328 1523 1379 1559 ut
1416 1518 1624 1573 deinceps
1660 1517 1821 1559 futuris

127 1590 408 1644 temporibus
441 1590 603 1632 virtuti
636 1603 791 1632 eorum
824 1589 870 1631 in
903 1589 979 1631 via
1012 1588 1172 1645 quavis
1218 1589 1373 1643 pervia
1418 1589 1589 1638 fierent,
1624 1588 1670 1630 id
1703 1588 1824 1643 quod

81 1677 117 1705 20
129 1665 320 1703 eventus
342 1662 436 1717 ipse
459 1661 720 1704 declaravit.
763 1660 882 1715 Quid
909 1661 1024 1702 livor
1046 1661 1175 1708 edax,
1200 1660 1290 1701 tela
1313 1660 1553 1701 adversum
1576 1659 1823 1701 Bathoreos

129 1731 308 1773 intenta
341 1733 640 1788 profuerunt?
697 1731 828 1786 Quod
859 1731 1072 1786 vigiliae?
1121 1730 1238 1785 Quid
1269 1730 1411 1772 tacita
1443 1730 1659 1772 consilia?
1707 1729 1824 1783 Quid

130 1816 390 1859 congressus
432 1803 642 1846 nocturni
683 1802 989 1859 profuerunt?
1053 1802 1152 1843 Hoc
1194 1801 1428 1856 ecquidem
1470 1806 1513 1842 et
1555 1815 1645 1843 non
1686 1799 1821 1848 aliud,

129 1878 180 1915 ut
203 1888 358 1916 eorum
378 1875 612 1930 patefacta
628 1874 774 1916 virtus
795 1873 1006 1915 emicaret
1029 1872 1184 1927 magis,
1208 1877 1258 1914 ut
1276 1872 1394 1914 enim
1410 1871 1536 1927 ignis,
1554 1885 1643 1926 quo
1658 1870 1825 1925 tegitur

131 1945 287 2000 magis,
311 1950 490 1987 aestuat
521 1945 727 2000 amplius,
763 1945 828 1986 ita
863 1944 1007 1985 virtus
1042 1947 1216 1998 quanto
1250 1942 1469 1997 premitur
1502 1942 1657 1997 magis,
1693 1945 1823 1982 tanto

83 2031 118 2059 25
133 2015 351 2057 eflorescit
405 2016 561 2072 magis.
617 2016 677 2057 Et
723 2014 1110 2072 quemadmodum
1162 2014 1311 2055 leones
1366 2013 1594 2055 fortissimi
1646 2010 1822 2059 irritati,

132 2086 309 2128 etiamsi
342 2100 434 2129 non
466 2101 641 2142 semper
673 2100 720 2129 se
754 2087 801 2127 in
831 2085 1084 2127 vindictam
1118 2084 1406 2133 exsuscitent,
1442 2083 1558 2124 vires
1591 2088 1744 2124 tamen
1778 2080 1823 2121 in

131 2170 177 2198 se
203 2157 426 2208 collectas,
457 2159 515 2200 ad
539 2157 791 2199 vindictam
815 2158 1118 2211 expetendam
1143 2154 1545 2209 opportunissimas
1569 2151 1820 2194 reconditas

132 2228 317 2277 habent,
341 2228 406 2270 ita
431 2229 760 2271 Bathoreorum
781 2228 927 2269 virtus
949 2227 1091 2269 veluti
1113 2225 1287 2281 gladius
1309 2225 1355 2265 in
1377 2223 1540 2279 vagina
1569 2221 1823 2264 reconditus

133 2298 306 2340 latebat
330 2299 377 2340 in
400 2299 511 2349 istis,
555 2313 790 2355 quousque
832 2297 1221 2341 commiseratione
1246 2296 1465 2336 bonorum
1489 2293 1659 2341 stricta,
1686 2296 1823 2345 atque

86 2385 121 2413 30
134 2369 312 2419 educta,
337 2370 460 2412 omni
482 2385 572 2412 non
596 2371 742 2412 solum
766 2370 988 2419 ferendae,
1013 2369 1091 2411 sed
1114 2367 1251 2409 etiam
1275 2364 1605 2419 propulsandae
1627 2361 1823 2403 invidiae

135 2444 273 2495 atque
310 2440 499 2483 iniuriae
537 2446 796 2496 opportuna
833 2441 955 2482 facta
992 2440 1064 2481 sit.

250 2511 350 2553 Hac
372 2512 544 2562 eadem,
566 2513 652 2554 nisi
675 2512 816 2562 fallor,
841 2510 1154 2553 calamitatum
1177 2505 1422 2559 disciplina,
1443 2504 1585 2546 veluti
1606 2503 1651 2544 in
1674 2502 1824 2556 aliqua

135 2581 362 2624 virtutum
374 2583 539 2633 schola,
558 2597 609 2624 ac
625 2583 851 2638 palaestra
867 2581 1043 2623 animus
1059 2582 1206 2620 vester
1228 2580 1271 2617 et
1294 2579 1453 2629 sponte
1469 2572 1824 2616 munificentiam

136 2651 370 2706 amplexus
410 2658 454 2695 et
494 2654 681 2696 caeteris
733 2652 921 2694 heroicis
973 2649 1219 2691 virtutibus
1262 2645 1440 2687 assiduo
1479 2660 1564 2687 usu
1603 2643 1822 2691 excultus,

88 2739 124 2766 35
136 2723 372 2778 pietatem,
407 2724 732 2774 constantiam,
766 2723 1039 2778 religionem,
1092 2722 1358 2771 caeteraque
1412 2730 1518 2757 vera
1571 2712 1821 2756 nobilitatis

137 2800 418 2845 ornamenta,
445 2794 639 2849 amplius
664 2795 803 2837 etiam
827 2793 968 2835 colere
993 2791 1178 2832 edoctus
1203 2786 1303 2829 fuit.
1331 2786 1453 2828 Nihil
1478 2787 1532 2828 de
1555 2783 1825 2826 liberalitate

136 2869 289 2907 vestra
325 2865 372 2907 in
409 2879 642 2920 pauperes,
683 2862 991 2906 munificentia
1021 2860 1067 2901 in
1099 2859 1279 2907 clerum,
1318 2856 1554 2912 largitione
1591 2855 1637 2896 in
1668 2855 1823 2900 bonos,

137 2936 366 2992 vestrique
391 2937 618 2979 studiosos
643 2947 959 2981 commemoro,
987 2944 1090 2972 curn
1115 2927 1311 2970 recentia
1337 2927 1599 2975 etiamnum,
1641 2937 1692 2965 ac
1726 2922 1825 2964 uni-

138 3019 215 3047 cae
243 3011 401 3049 tantae
429 3007 614 3049 virtutis
642 3010 819 3048 vestrae
848 3006 1026 3046 exstent
1056 3000 1275 3052 exempla.
1305 2997 1409 3039 Non
1436 3008 1655 3043 recenseO,
1685 3006 1825 3047 quam

92 3077 307 3120 4omultos
342 3078 559 3127 homines,
596 3077 674 3132 qui
709 3076 895 3123 virtute,
933 3086 1023 3115 non
1060 3083 1217 3127 genere
1253 3068 1561 3123 praestabant,
1599 3066 1645 3106 in
1682 3064 1827 3106 altum

139 3147 374 3204 dignitatis
395 3150 586 3204 gradum
607 3146 871 3189 extuleritis.
894 3145 1051 3191 Taceo,
1076 3145 1186 3197 quot
1207 3139 1423 3181 beneficio
1443 3141 1594 3178 vestro
1614 3137 1827 3177 honestas
