2188 3535
147 190 237 231 1581
273 189 398 231 szept.
437 189 472 231 1]
911 188 983 222 No.
1015 198 1062 234 59
1762 197 1828 233 173

84 325 90 334 ·
144 320 243 348 sum
283 309 467 347 centum
514 304 677 347 taleros
730 311 891 348 mutuo
931 321 957 349 a
996 307 1318 349 mercatoribus
1358 306 1569 361 accipere,
1625 305 1732 347 dato
1773 305 1832 347 ad

143 389 292 432 regem
331 375 640 430 chirographo,
681 381 733 418 ut
774 377 1068 420 creditoribus
1107 378 1271 420 nostris
1312 378 1401 419 Sua
1440 376 1581 432 Regia
1620 376 1833 418 Maiestas

144 445 481 502 quamprimum
523 446 816 496 satisfaceret,
861 449 984 503 quod
1025 454 1070 490 et
1113 448 1218 490 fecit
1260 449 1462 491 libenter.
1508 446 1833 490 Desiderabam

145 518 283 559 Suam
304 516 603 567 Maiestatem,
640 517 904 574 priusquam
927 534 949 560 e
974 520 1158 561 Polonia
1191 519 1430 575 egrederer,
1467 518 1718 567 convenire,
1755 516 1834 559 sed

95 603 113 630 5
145 588 392 630 multorum
414 587 588 629 dierum
609 587 767 630 itinere
790 589 946 631 aberat
969 595 1013 632 et
1034 590 1081 632 in
1102 590 1429 646 Transylvania
1450 594 1602 645 patres
1624 587 1834 631 destituti

144 657 369 714 Ungarico
388 662 433 700 et
450 658 716 701 Germanico
738 659 1063 710 concionatore,
1090 661 1221 703 avide
1243 661 1289 702 in
1311 661 1404 703 dies
1432 665 1638 703 nostrum
1666 659 1832 702 adven-

144 734 244 771 tum
280 729 704 785 praestolabantur:
745 745 938 786 quorum
970 731 1200 781 desiderio,
1235 737 1286 773 ut
1318 731 1690 779 satisfaceremus,
1729 744 1833 771 con-

145 800 281 842 ducto
321 814 452 842 curru
491 804 536 842 et
576 806 809 856 assumpto
849 801 967 844 dolio
1006 817 1096 844 uno
1135 802 1257 844 libris
1295 802 1472 851 referto,
1514 806 1692 844 mature
1731 801 1833 843 Cra-

145 871 274 913 covia
316 871 599 913 discessimus
641 877 686 913 et
729 886 808 927 per
851 873 1084 915 Poloniam
1127 873 1309 929 quidem
1352 878 1397 915 et
1439 873 1549 914 fines
1607 871 1833 927 Ungariae

96 958 132 985 10
146 942 347 984 faustum
387 942 472 984 iter
525 942 778 985 habuimus.
835 944 896 985 At
937 944 1015 986 ubi
1055 944 1269 986 terminos
1322 943 1674 999 Transylvaniae
1728 941 1833 984 atti-

144 1013 302 1068 gimus,
344 1027 463 1054 nunc
502 1013 676 1055 nivium
715 1013 844 1070 copia
881 1014 993 1056 adeo
1032 1014 1183 1057 obruti
1218 1029 1384 1063 sumus,
1419 1019 1470 1056 ut
1503 1013 1625 1055 nulla
1656 1012 1834 1055 viarum

145 1083 335 1139 vestigia
378 1089 661 1139 apparerent,
708 1099 827 1126 nunc
870 1085 1009 1127 nimia
1053 1085 1337 1141 fri[gi]ditate
1368 1099 1509 1140 usque
1538 1084 1650 1126 adeo
1681 1082 1835 1125 vexati

145 1168 313 1204 sumus,
341 1159 393 1196 ut
419 1169 532 1210 pene
558 1155 903 1210 congelaremur.
930 1157 1060 1198 Nunc
1087 1171 1192 1198 vero
1215 1160 1346 1198 tanta
1372 1155 1417 1197 vi
1443 1159 1684 1197 ventorum
1709 1154 1836 1194 nives

146 1225 192 1267 in
227 1225 378 1268 oculos
414 1230 459 1268 et
495 1225 656 1268 faciem
691 1226 820 1268 nobis
855 1227 1217 1281 proficiebantur,
1246 1231 1298 1268 ut
1327 1226 1437 1282 quid
1471 1238 1716 1281 ageremus,
1755 1228 1834 1265 aut

100 1310 134 1338 15
147 1311 236 1352 quo
281 1311 362 1339 nos
406 1301 695 1348 verteremus,
730 1311 820 1339 non
853 1297 961 1339 satis
996 1298 1229 1339 nobiscum
1273 1297 1545 1339 constituere
1589 1308 1833 1351 possemus.

148 1368 267 1409 Nam
302 1367 453 1409 sedere
488 1367 534 1409 in
569 1381 701 1409 curru
737 1368 795 1409 ob
831 1369 1165 1410 vehementiam
1200 1367 1372 1423 frigoris
1408 1381 1498 1409 non
1533 1367 1697 1408 licebat
1737 1365 1837 1420 (nisi

148 1438 369 1493 congelari
402 1438 745 1491 maluissemus),
781 1439 1012 1481 ambulare
1046 1444 1200 1481 autem
1232 1444 1416 1494 propter
1449 1438 1542 1480 vim
1575 1437 1701 1479 venti
1734 1450 1836 1478 con-

148 1508 273 1550 trarii
293 1513 337 1550 et
358 1508 532 1550 nivium
552 1508 742 1564 copiam,
765 1523 881 1564 quae
906 1509 1080 1565 impetu
1101 1524 1264 1566 magno
1284 1514 1442 1552 contra
1461 1523 1542 1551 nos
1563 1508 1834 1555 ferebantur,

146 1593 237 1621 non
271 1584 543 1634 poteramus.
581 1579 864 1621 Videbantur
898 1594 989 1622 non
1023 1581 1168 1623 solum
1199 1580 1337 1630 venti,
1372 1594 1529 1622 verum
1561 1579 1700 1621 etiam
1731 1580 1838 1620 Tar-

98 1655 298 1692 2otareae
323 1664 478 1692 omnes
503 1649 697 1705 legiones
728 1655 886 1693 contra
912 1665 993 1693 nos
1018 1651 1271 1694 coniurasse
1298 1656 1343 1694 et
1369 1650 1665 1693 intercludere
1708 1649 1838 1691 nobis

147 1719 324 1764 aditum
358 1720 404 1762 in
438 1721 814 1777 Transylvaniam
850 1722 1053 1765 voluisse.
1097 1723 1232 1765 Plura
1265 1722 1552 1765 incommoda
1586 1726 1631 1763 et
1666 1720 1838 1762 maiora

148 1791 312 1847 frigora
332 1791 504 1834 ultimis
527 1792 684 1834 diebus
706 1792 1101 1836 bacchanaliorum
1127 1793 1306 1849 (quibus
1328 1794 1446 1835 inter
1467 1793 1631 1849 sylvas,
1663 1795 1840 1833 montes

149 1867 193 1905 et
222 1862 348 1905 nives
377 1863 753 1918 Transylvanicas
784 1864 1107 1919 oberravimus)
1144 1865 1343 1920 perpassi
1372 1878 1540 1913 sumus,
1572 1877 1711 1919 quam
1741 1866 1840 1904 toto

151 1934 242 1976 fere
290 1934 461 1976 itinere.

101 2017 137 2045 25
284 2004 448 2047 Invitis
486 2009 641 2047 tamen
679 2005 888 2047 omnibus
927 2006 1128 2055 diabolis,
1171 2008 1266 2049 Deo
1305 2007 1417 2048 bene
1456 2005 1665 2061 propitio,
1711 2002 1836 2051 salvi,

151 2076 230 2118 sed
267 2075 602 2131 semicongelati
641 2088 707 2118 20.
751 2077 981 2119 Februarii
1020 2078 1126 2119 anni
1166 2077 1349 2120 Domini
1390 2078 1512 2130 1580,
1555 2079 1840 2118 transeuntes
1855 2085 1935 2111 Febr.
1961 2092 2004 2111 20.

151 2146 479 2202 Claudiopolim
532 2146 625 2200 (ubi
675 2147 878 2189 nondum
928 2153 1037 2190 tunc
1087 2149 1236 2190 locum
1277 2149 1587 2202 habebamus,)
1633 2145 1840 2187 venimus

151 2217 197 2259 in
231 2222 433 2260 nostram
469 2218 892 2267 Colosmonostram,
930 2219 1056 2261 cuius
1091 2220 1242 2275 platea
1276 2218 1488 2273 contigua
1523 2222 1590 2259 est
1626 2215 1840 2258 suburbio

152 2288 364 2331 civitatis.
414 2288 643 2331 Haeretici
689 2288 735 2330 in
781 2294 935 2331 nostro
983 2290 1185 2332 adventu
1232 2290 1522 2332 vehementer
1569 2287 1690 2328 fuere
1737 2299 1840 2327 con-

102 2371 140 2397 30
153 2359 354 2402 sternati.
399 2359 739 2402 Existimabant
781 2359 900 2401 enirn
941 2360 1166 2402 neminem
1197 2360 1313 2401 inter
1340 2374 1420 2401 nos
1449 2372 1578 2414 posse
1607 2358 1841 2412 Ungarum

153 2430 515 2473 concionatorem
546 2429 749 2472 inveniri.
786 2431 1003 2472 Catholici
1036 2436 1191 2473 autem
1223 2430 1310 2472 dici
1338 2444 1428 2472 non
1460 2433 1624 2485 potest,
1649 2432 1841 2483 quanto-

153 2515 256 2557 pere
297 2501 463 2543 fuerint
504 2501 770 2543 exhilarati:
814 2515 869 2542 ex
910 2501 1073 2556 quibus
1113 2501 1319 2556 sequenti
1360 2500 1430 2542 die
1470 2498 1631 2555 egressi
1672 2503 1778 2540 sunt
1819 2512 1843 2539 e

155 2571 340 2614 civitate
363 2572 423 2614 ad
445 2586 526 2614 nos
548 2572 595 2613 in
617 2576 817 2614 castrum
840 2586 930 2613 non
954 2572 1085 2627 pauci
1109 2572 1192 2613 viri
1215 2577 1259 2613 et
1284 2571 1518 2619 foeminae,
1543 2569 1622 2625 qui
1645 2569 1843 2625 primum

154 2642 369 2697 gratulati
421 2643 550 2685 nobis
599 2647 704 2685 sunt
741 2642 796 2684 de
833 2642 946 2684 felici
984 2642 1186 2685 adventu
1222 2647 1266 2684 et
1302 2642 1470 2698 gratias
1506 2643 1602 2683 Deo
1639 2644 1838 2696 egerunt,

106 2713 278 2769 35quod
301 2728 382 2756 nos
407 2728 434 2756 a
458 2713 613 2756 multis
637 2713 728 2756 iam
753 2713 882 2755 annis
907 2713 1160 2769 promissos,
1193 2717 1455 2768 expectatos
1479 2717 1524 2754 et
1550 2711 1840 2760 desideratos,

157 2784 304 2826 salvos
342 2785 430 2827 huc
469 2785 529 2827 ad
567 2798 613 2826 se
652 2783 947 2840 perduxisset.
991 2783 1164 2826 Deinde
1207 2783 1328 2839 (quia
1366 2783 1458 2826 iam
1497 2785 1543 2825 2³
1575 2782 1842 2825 imminebat

158 2854 381 2897 dominica
433 2855 816 2912 quadragesimae)
874 2855 1140 2896 munuscula
1208 2855 1445 2910 quaedam,
1501 2854 1627 2909 signa
1678 2852 1843 2895 amoris
1858 2871 1938 2896 Febr.
1964 2876 2008 2901 27.

159 2929 203 2966 et
238 2926 578 2968 benevolentiae
614 2940 718 2982 erga
754 2940 835 2968 nos
870 2926 1083 2981 ipsorum,
1121 2925 1228 2967 laeti
1264 2930 1309 2967 et
1345 2925 1512 2967 alacres
1547 2924 1839 2967 obtulerunt:

160 2996 348 3049 grandes
382 2997 555 3053 aliquot
591 2997 720 3039 vivos
744 2997 897 3052 pisces,
924 2996 1049 3039 albos
1071 3010 1209 3051 panes
1232 3000 1277 3038 et
1300 3010 1391 3038 non
1414 3009 1580 3051 paucos
1603 2994 1844 3036 cantharos

111 3077 148 3104 40
162 3064 266 3107 vini.
289 3068 487 3109 Fuerant
508 3068 626 3110 inter
646 3067 890 3110 catholicas
909 3067 1018 3109 istas
1039 3067 1244 3109 mulieres
1265 3067 1490 3122 quaedam
1512 3064 1842 3113 devotissimae,

162 3148 277 3190 quae
311 3150 462 3180 coram
492 3138 621 3181 nobis
655 3138 782 3180 flexis
817 3138 1064 3195 poplitibus
1099 3142 1144 3179 et
1180 3137 1308 3180 elatis
1343 3137 1390 3179 in
1425 3136 1598 3179 coelum
1620 3135 1841 3185 manibus,
