2188 3535
39 191 133 235 1576
157 189 283 233 szept.
311 189 372 234 13]
802 188 877 223 No.
910 199 953 234 14
1682 198 1726 233 5³

34 320 124 354 rex,
158 309 237 348 aut
268 305 488 360 princeps,
519 318 654 360 quem
686 306 875 361 cupiunt
907 312 1175 362 pervertere.
1216 305 1303 362 Qui
1335 305 1414 348 ubi
1446 305 1724 347 sufficienter

34 376 80 417 in
95 375 188 417 eius
203 375 559 418 familiaritatem
574 389 619 416 se
635 375 977 426 insinuaverint,
996 382 1105 419 tunc
1122 391 1360 425 venenum,
1376 375 1500 432 quod
1514 376 1718 417 clausum

35 446 80 487 in
103 450 282 501 pectore
305 447 560 502 gestabant,
580 445 626 486 in
642 446 890 502 principem
916 448 1125 503 primum,
1150 447 1310 489 deinde
1332 447 1378 488 in
1401 446 1607 488 subditos
1630 446 1724 488 eius

37 531 241 558 evomere
261 516 498 572 incipiunt.
546 517 942 572 Quemadmodum
964 518 1166 560 fecerunt
1188 532 1291 560 cum
1312 518 1489 572 Joanne
1510 516 1720 558 vaivoda.

0 603 6 630 s
35 587 164 629 Hanc
198 587 256 628 ob
289 601 475 630 causam
508 587 671 629 beatus
706 588 872 630 Paulus
905 589 1150 643 Apostolus
1182 587 1459 630 haereticum
1492 586 1724 629 hominem

34 661 134 712 post
169 671 308 700 unam
343 662 421 700 aut
457 658 646 700 alteram
679 658 1034 701 admonitionem
1070 658 1263 701 devitari
1296 658 1435 700 iubet.
1462 659 1720 713 Propterea,

35 727 156 783 quod
192 728 435 770 subversus
472 728 545 780 sit,
603 728 863 771 huiusmodi
898 729 1062 771 iudicio
1099 728 1279 784 proprio
1317 729 1644 770 condemnatus
1681 733 1726 770 et

35 812 178 840 sermo
198 798 330 847 illius,
354 803 407 840 ut
430 813 591 841 cancer
611 799 763 854 serpit.
788 801 848 841 Et
871 800 1032 843 beatus
1053 800 1253 854 Joannes
1274 799 1551 854 evangelista
1571 803 1726 841 monet

34 868 311 919 christianos,
332 884 388 911 ne
406 884 510 911 cum
529 869 611 912 tali
626 869 777 912 cibum
795 876 990 919 sumant,
1010 885 1123 912 neve
1142 885 1224 913 ave
1240 870 1302 911 illi
1319 870 1485 912 dicant.
1506 869 1593 925 Qui
1610 868 1729 911 enim

0 956 23 983 io
35 953 116 982 ave
152 939 274 988 dicit,
312 940 383 982 ille
414 940 721 983 communicat
759 967 804 971 —
839 941 987 996 inquit
1024 967 1070 971 —
1107 940 1317 996 operibus
1351 940 1468 981 illius
1504 939 1722 995 pessimis.

37 1009 124 1065 Qui
155 1011 363 1066 exemplo
395 1015 559 1066 postea
590 1025 685 1060 suo,
721 1012 842 1067 quod
877 1013 1101 1060 decuerat,
1137 1010 1436 1053 confirmavit.
1473 1011 1591 1051 Nam
1623 1024 1727 1051 cum

37 1081 106 1123 die
139 1081 338 1136 quadam
372 1082 648 1124 Marcionem
681 1082 957 1124 haereticum
991 1081 1177 1124 obvium
1210 1080 1441 1123 habuisset
1481 1084 1526 1121 et
1561 1080 1619 1121 ab
1652 1079 1727 1120 illo

37 1151 192 1193 fuisset
224 1151 540 1208 interrogatus,
575 1167 685 1194 num
717 1167 762 1194 se
795 1158 962 1201 noscet,
997 1152 1228 1207 respondit
1261 1150 1425 1193 Christi
1450 1150 1722 1205 Apostolus:

38 1221 156 1264 Novi
174 1227 219 1264 te
238 1222 588 1278 primogenitum
608 1223 847 1266 Sathanae.
883 1224 1001 1265 Item
1030 1237 1133 1264 cum
1161 1236 1298 1264 causa
1314 1220 1499 1263 lavandi
1517 1220 1728 1262 balneum

0 1292 346 1348 15ingrederetur
379 1298 424 1336 et
459 1294 744 1349 cognovisset
777 1293 840 1335 ibi
873 1293 1015 1335 lavari
1049 1292 1312 1335 Cherintum
1344 1290 1634 1339 haereticum,
1673 1290 1731 1331 ad

37 1363 206 1405 socium
231 1378 363 1406 suum
403 1378 645 1406 conversus
672 1363 812 1405 dixit:
843 1364 1067 1419 fugiamus
1104 1363 1208 1405 hinc
1248 1362 1370 1405 ocius
1408 1375 1463 1403 ne
1501 1361 1727 1409 balneum,

37 1433 83 1475 in
117 1448 206 1489 quo
243 1434 484 1476 Cherintus
517 1434 724 1476 inimicus
758 1434 965 1476 veritatis
998 1435 1192 1482 lavatur,
1229 1436 1409 1475 corruat
1443 1436 1488 1473 et
1523 1446 1604 1473 nos
1638 1445 1730 1472 una

39 1504 277 1560 opprimat.
323 1505 377 1546 In
419 1505 629 1560 operibus
671 1518 851 1560 quoque
894 1505 1016 1547 beati
1053 1504 1202 1559 Vigilii
1241 1502 1437 1559 episcopi
1478 1501 1729 1544 Tridentini

39 1574 219 1617 memini
240 1589 311 1617 me
334 1575 504 1630 legisse,
537 1575 661 1630 quod
682 1589 784 1617 cum
818 1575 1097 1625 Constantia,
1132 1574 1225 1617 filia
1256 1573 1408 1629 Magni
1441 1571 1727 1615 Constantini

0 1645 321 1701 zoimperatoris
356 1646 404 1687 in
438 1646 648 1688 morbum
684 1660 868 1701 gravem
903 1646 1131 1688 incidisset
1167 1650 1212 1687 et
1249 1645 1308 1687 ad
1343 1644 1561 1686 familiare
1597 1657 1728 1685 suum

38 1716 306 1771 colloquium
355 1717 576 1759 Arianum
627 1716 854 1772 quendam
913 1717 1228 1772 presbyterum
1278 1715 1545 1762 admisisset,
1585 1714 1642 1755 ab
1679 1727 1731 1754 eo

37 1786 202 1829 Ariana
225 1787 311 1829 fuit
349 1787 527 1830 haeresi
564 1787 746 1836 infecta,
781 1801 897 1843 quae
921 1792 1081 1842 postea
1105 1800 1343 1834 venenum,
1371 1785 1495 1840 quod
1517 1786 1729 1826 hauserat

37 1856 82 1898 in
114 1862 347 1912 parentem
383 1872 520 1900 suum
555 1858 816 1900 transfudit.
856 1859 969 1900 Cum
1003 1857 1123 1900 enim
1157 1857 1404 1912 imperator
1437 1856 1573 1897 finem
1608 1855 1730 1896 vitae

38 1926 264 1970 imminere
300 1943 410 1971 suae
448 1928 566 1971 filiae
603 1928 885 1984 cognovisset
923 1933 967 1970 et
1004 1928 1243 1970 visitatum
1280 1942 1380 1969 eam
1417 1926 1626 1974 venisset,
1665 1925 1731 1966 ita

0 1998 211 2041 25blandis
231 2004 275 2041 et
297 1999 540 2041 virulentis
561 1999 655 2041 eius
676 1999 956 2041 sermonibus
977 1999 1188 2041 delinitus
1209 2003 1290 2047 est,
1313 2003 1365 2039 ut
1386 1997 1733 2053 persuaderetur

38 2068 192 2111 Arium
220 2071 277 2112 ab
305 2070 441 2112 exilio
470 2084 682 2112 revocare
711 2075 755 2112 et
784 2070 962 2112 Arianis
990 2070 1155 2112 favere.

149 2140 348 2183 Tantum
382 2141 524 2196 igitur
556 2140 756 2183 virorum
789 2141 995 2196 exemplo
1041 2140 1254 2182 Maiestas
1286 2139 1384 2181 Tua
1430 2137 1652 2179 excitetur
1685 2141 1729 2177 et

39 2208 120 2251 sibi
146 2224 429 2267 summopere
461 2212 520 2254 ab
546 2211 876 2254 haereticorum
907 2210 1249 2253 conversatione
1281 2213 1454 2257 caveat,
1499 2222 1554 2249 ne
1596 2207 1731 2248 Blan-

41 2279 214 2323 dratam
234 2282 293 2324 ad
311 2282 586 2337 colloquium
606 2296 738 2324 suum
761 2282 993 2330 admittat,
1021 2281 1105 2322 nisi
1132 2280 1255 2335 prius
1282 2279 1414 2322 alicui
1440 2293 1495 2320 ex
1521 2277 1728 2333 patribus

0 2351 200 2394 sonostris
238 2352 323 2395 rite
364 2352 499 2394 fuerit
543 2352 785 2401 confessus,
845 2352 1004 2394 deinde
1058 2351 1234 2406 publice
1273 2350 1319 2391 in
1359 2349 1510 2404 aliqua
1547 2346 1732 2389 ecclesia

41 2420 238 2465 haereses
260 2438 364 2466 suos
386 2423 670 2465 revocaverit
689 2438 698 2474 ;
733 2437 784 2464 ac
809 2423 1008 2470 tandem,
1041 2421 1156 2463 sicut
1178 2420 1301 2476 prius
1329 2419 1376 2460 in
1404 2416 1733 2473 Transylvania

42 2490 173 2535 libros
210 2493 372 2550 impios
413 2498 575 2536 contra
617 2493 831 2535 Sanctam
873 2492 1143 2535 Trinitatem
1181 2490 1228 2532 in
1266 2491 1410 2532 lucem
1450 2488 1611 2538 emisit,
1668 2487 1734 2529 ita

43 2575 157 2605 nunc
178 2565 424 2607 contrarios
447 2579 529 2620 pro
553 2563 810 2605 defensione
834 2562 1152 2605 Sanctissimae
1174 2560 1348 2603 Triadis
1369 2559 1567 2615 imprimi
1588 2563 1728 2605 curet,

44 2630 89 2673 in
120 2633 281 2689 quibus
315 2636 569 2678 detestetur
603 2639 648 2676 et
683 2634 974 2676 anathemate
1010 2632 1141 2675 feriat
1185 2645 1340 2674 omnes
1372 2631 1576 2673 haereses
1610 2643 1727 2677 suas,

1 2715 153 2757 35quas
182 2705 334 2748 docuit
363 2706 410 2747 in
439 2704 774 2760 Transylvania
803 2709 847 2746 et
878 2704 1029 2760 palam
1077 2703 1345 2758 profiteatur
1373 2701 1510 2743 fidem
1539 2704 1585 2742 et
1615 2699 1728 2741 veri-

47 2775 185 2817 tatem
211 2776 493 2819 catholicam.
526 2776 595 2818 Sic
623 2775 743 2817 enim
770 2779 815 2817 et
844 2775 1004 2823 famae,
1035 2778 1080 2815 et
1108 2772 1244 2815 saluti
1271 2787 1377 2815 suae
1405 2771 1601 2813 securius
1628 2784 1729 2825 pro-

48 2842 213 2887 videbit
233 2860 242 2897 ;
269 2851 314 2889 et
338 2847 403 2896 iis,
431 2847 509 2903 qui
533 2846 738 2901 exemplo
763 2845 916 2901 ipsius,
943 2849 1022 2887 aut
1048 2843 1369 2899 disputatione,
1397 2843 1469 2884 vel
1493 2841 1729 2897 pestiferos

48 2912 137 2956 eius
162 2915 296 2959 libros
322 2917 509 2973 legendo
537 2916 712 2959 seducti
740 2920 859 2965 sunt,
890 2914 1168 2958 occasionem
1190 2913 1407 2956 redeundi
1423 2913 1482 2955 ad
1496 2911 1728 2954 ecclesiam

48 2985 308 3030 catholicam
335 2987 583 3043 praebebit.
614 2988 739 3029 Haec
767 2986 803 3029 si
831 2986 975 3028 facere
1008 2985 1347 3034 detrectaverit,
1378 2988 1499 3026 certo
1527 2982 1611 3024 sibi
1638 2995 1735 3036 per-

3 3065 224 3099 ⁴insuasum
244 3058 412 3101 habeat
435 3059 534 3101 Tua
556 3057 768 3100 Maiestas
790 3057 1020 3099 hominem
1043 3069 1137 3098 esse
1160 3054 1502 3098 fraudulentum
1525 3057 1570 3094 et
1594 3051 1730 3093 simu-

48 3121 134 3166 late
175 3140 301 3182 agere
343 3129 556 3184 virusque
599 3128 864 3184 pestiferum
905 3127 952 3168 in
993 3131 1173 3182 pectore
1214 3130 1402 3181 gestare,
1443 3123 1566 3180 quod
1597 3126 1735 3164 nacta
