2188 3535
129 175 221 217 1581
257 175 380 217 szept.
408 172 470 218 13]
896 170 971 205 No.
1000 173 1051 207 60
1749 179 1813 212 191

126 304 181 332 ex
213 290 298 332 illis
330 289 463 340 mille,
499 289 682 332 ducenti
715 290 921 345 patribus
953 289 1141 332 Albanis
1172 289 1533 331 numerabuntur
1565 287 1611 329 in
1644 293 1818 330 susten—

125 361 347 404 tationem
385 375 552 403 eorum.
594 361 781 403 Exactis
818 366 972 403 autem
1010 360 1138 403 annis
1175 360 1274 409 illis,
1313 360 1485 415 integre
1522 359 1582 402 ad
1617 359 1818 401 Albanos

124 432 278 474 redeat
336 446 525 474 summa.
579 431 740 487 Ibique
789 446 867 473 rex
931 431 1245 474 Serenissimus
1307 435 1529 480 teneatur,
1581 429 1817 485 collegium

125 508 353 545 exstruere
394 507 478 545 etc.
523 502 611 545 Sed
650 507 980 544 testamentum
1036 516 1127 544 non
1167 502 1252 544 nisi
1293 501 1339 543 in
1380 501 1534 544 funere
1575 500 1814 557 aperietur.

76 590 93 616 5
124 573 243 615 Nam
287 587 367 628 ego
412 573 667 616 codicillum
711 574 770 616 ad
812 588 961 629 regern
1004 573 1118 615 misi.
1167 574 1384 628 Suprema
1428 578 1582 615 autern
1625 571 1817 628 principi

123 658 214 686 non
247 644 332 686 nisi
364 644 411 686 in
444 659 596 686 mense
631 644 868 687 Decembri
903 644 1146 686 solventur.

255 716 483 757 Haberem
504 729 610 757 sane
631 715 782 771 aliqua
802 730 905 757 cum
927 717 980 757 R.
1005 716 1052 757 P.
1075 716 1147 757 Vra
1166 715 1352 770 agenda,
1376 714 1431 757 de
1462 714 1597 756 modo
1629 712 1817 756 iuvandi

123 799 310 841 regnum
343 787 441 828 hoc.
477 786 743 828 Incredibile
779 786 897 828 enim
934 786 1059 828 dictu
1094 792 1175 835 est,
1212 786 1258 827 in
1293 790 1405 841 quot
1439 785 1538 827 loca
1570 784 1817 840 longinqua

123 870 355 899 excurrere
395 857 594 900 Societas
633 862 797 913 posset.
840 857 1030 900 Utinam
1071 858 1125 899 R.
1169 858 1216 898 P.
1259 857 1471 912 Lanoyus
1511 856 1702 904 adesset,
1744 854 1816 896 cui

74 943 108 970 10
122 928 238 970 hanc
271 928 551 983 provinciam
585 928 813 970 debemus.
849 929 1017 971 Verum
1050 927 1128 969 ubi
1162 927 1396 970 advenerit
1430 929 1483 969 R.
1520 927 1568 969 P.
1595 926 1817 969 Visitator

121 1013 331 1054 praesens
366 1004 410 1041 et
446 999 619 1041 videbit
653 999 761 1055 ipse,
799 1004 843 1041 et
879 1013 959 1054 ego
995 1013 1231 1054 exponam.

237 1071 369 1112 Nunc
416 1070 475 1113 ad
520 1070 769 1126 principem
803 1071 937 1112 Illmum
972 1069 1232 1125 disciplinae
1278 1073 1459 1110 nostrae
1505 1067 1815 1110 concreditum

121 1140 266 1183 venio.
302 1141 418 1183 Octo
449 1156 671 1184 annorum
702 1146 812 1191 erat,
846 1146 898 1183 ut
930 1140 1091 1195 Josias‚
1127 1154 1230 1182 cum
1266 1153 1450 1194 regnare
1488 1138 1718 1194 coepisset.
1760 1138 1815 1179 In

122 1211 273 1267 vigilia
309 1212 553 1262 Laurentii,
592 1212 801 1268 quamvis
836 1226 916 1267 pro
953 1211 1165 1253 concione
1199 1210 1416 1252 ieiunium
1451 1209 1812 1265 proclamassem‚

74 1297 109 1324 15
122 1283 335 1338 magister
393 1288 548 1325 tamen
598 1283 771 1325 culinae
816 1282 1024 1331 Arianus,
1072 1281 1182 1323 nihil
1227 1285 1407 1336 praeter
1465 1294 1620 1322 carnes
1679 1279 1814 1321 coxit.

122 1353 213 1395 Ubi
244 1354 478 1410 frequente
510 1368 746 1410 procerum
779 1353 915 1395 turba
948 1353 1007 1395 ad
1040 1366 1242 1394 mensam
1276 1356 1466 1394 ventum
1500 1356 1581 1400 est,
1618 1364 1740 1406 puer,
1765 1355 1817 1392 ut

122 1438 276 1467 carnes
325 1425 557 1480 appositas
605 1425 735 1474 vidit,
775 1429 985 1467 avertens
1034 1424 1094 1465 ad
1142 1427 1402 1478 magnates:
1447 1423 1533 1465 Vos
1575 1448 1621 1452 —
1662 1422 1725 1463 ait
1767 1447 1813 1452 -

119 1495 299 1544 domini,
331 1496 540 1538 considete
567 1500 693 1551 atque
734 1496 902 1551 paratis
929 1496 1148 1548 fruamini
1176 1495 1318 1550 epulis
1336 1507 1354 1542 ‚·
1381 1508 1456 1548 ego
1486 1494 1590 1548 quia
1618 1493 1816 1535 christia-

119 1580 202 1608 nus
235 1580 344 1614 sum,
380 1568 601 1609 ieiunium
627 1581 725 1608 cum
751 1567 1002 1609 christianis
1036 1580 1177 1620 agam.
1214 1565 1301 1607 Hic
1335 1564 1659 1607 cubicularius:
1695 1563 1816 1606 Sere-

69 1651 105 1678 20
118 1638 298 1679 nissime
333 1638 550 1693 princeps,
592 1639 698 1693 quid
734 1652 830 1692 ergo
867 1642 1129 1679 comesturus
1161 1651 1203 1678 es
1224 1639 1247 1679 ,Ρ
1278 1637 1378 1685 Par,
1411 1635 1574 1691 inquit,
1609 1649 1812 1685 ovorum,

117 1707 153 1749 si
181 1708 268 1750 alia
297 1708 458 1758 desint,
488 1708 612 1750 intus
633 1708 679 1750 in
701 1708 907 1751 cubiculo
935 1707 1102 1750 famem
1130 1707 1342 1763 explebit.
1374 1707 1512 1749 Orare
1540 1706 1616 1755 1111,
1646 1705 1815 1748 instare

116 1792 172 1820 ne
211 1779 502 1830 abscederet;
560 1779 670 1835 quin
710 1779 925 1822 assideret
965 1778 1131 1834 potius,
1173 1778 1387 1820 missuros
1426 1792 1472 1820 se
1512 1777 1571 1820 ad
1609 1791 1694 1826 me,
1736 1775 1814 1832 qui

117 1849 297 1891 nomine
332 1850 533 1906 ipsorum
571 1850 752 1893 veniam
787 1850 850 1892 1111
886 1850 1183 1906 impetrarent
1221 1854 1266 1891 et
1302 1848 1480 1905 copiam
1516 1848 1726 1890 carnibus
1762 1861 1813 1889 eo

118 1920 188 1962 die
209 1921 431 1963 vescendi.
451 1922 537 1964 Hic
556 1936 667 1977 puer
681 1922 888 1978 princeps
909 1921 1125 1964 octennis.
1146 1921 1231 1964 Sed
1245 1922 1336 1969 etsi,
1359 1921 1517 1975 inquit,
1539 1920 1591 1961 P.
1616 1920 1650 1973 J
1653 1932 1813 1961 oannes

70 1996 361 2046 apotastatem
384 1993 494 2034 mihi
513 1994 659 2046 fecerit
680 1993 926 2035 comedendi
947 2007 1108 2040 carnes,
1140 2006 1214 2046 ego
1232 1997 1388 2039 tamen,
1423 1992 1527 2047 quia
1549 1991 1813 2032 christianus

116 2077 225 2111 sum,
255 2065 366 2105 vesci
394 2065 501 2106 nolo.
554 2063 718 2106 Tribus
743 2064 907 2106 abhinc
933 2063 1232 2106 hebdomadis
1258 2076 1362 2104 cum
1388 2062 1626 2117 frequente
1652 2066 1813 2103 senatu

120 2134 299 2187 (Albam
325 2134 444 2177 enirn
468 2149 655 2190 regnum
679 2135 941 2177 universum
966 2138 1240 2177 convenerat
1266 2133 1325 2175 ad
1347 2133 1548 2188 legatum
1572 2131 1812 2174 Turcicum

116 2204 444 2261 excipiendum)
492 2206 662 2248 mentio
704 2206 832 2248 illata
875 2205 929 2247 de
971 2205 1194 2260 religione,
1240 2208 1476 2260 praesente
1518 2203 1592 2244 illo
1636 2202 1808 2251 fuisset,

115 2280 267 2330 partes
297 2276 529 2319 christiani
560 2276 748 2319 viriliter
777 2277 880 2332 egit.
914 2277 1118 2319 Tandem
1148 2280 1251 2330 post
1282 2274 1428 2316 multa
1457 2273 1576 2315 ultro
1608 2273 1811 2328 citroque

67 2360 102 2387 30
114 2345 298 2397 iactata,
324 2348 580 2403 quaesitum
608 2348 666 2389 ab
687 2347 761 2389 illo
787 2352 880 2389 est:
912 2347 1033 2403 Quid
1059 2347 1094 2388 si
1117 2348 1164 2388 Ρ.
1189 2346 1388 2400 Joannes
1411 2344 1608 2386 Lelesius
1629 2347 1811 2385 mutata

114 2423 265 2460 mente
305 2419 553 2461 Calvinista
605 2418 830 2469 evaderet,
886 2423 1204 2474 sequereturne
1258 2415 1485 2458 Celsitudo
1537 2415 1664 2457 Tua?
1722 2413 1809 2456 Hic

114 2502 251 2542 puer:
281 2489 466 2532 Minime
490 2504 610 2539 vero,
638 2489 800 2545 inquit.
830 2491 933 2531 Non
958 2490 1074 2531 enim
1098 2489 1150 2529 P.
1180 2488 1376 2541 Ioannes
1402 2486 1576 2528 ecclesia
1602 2485 1808 2527 catholica

115 2564 185 2601 est.
212 2560 329 2602 Turn
353 2561 439 2602 illi:
476 2560 607 2616 Quid,
633 2560 668 2602 si
691 2560 979 2602 Poloniarum
1001 2574 1078 2601 rex
1104 2559 1390 2600 Lutheranus
1414 2557 1570 2598 fieret?
1601 2556 1688 2598 Sed
1711 2569 1805 2611 ego,

114 2629 274 2686 inquit,
306 2632 433 2674 illurn
462 2646 543 2674 nec
573 2646 654 2687 pro
682 2645 784 2686 rege
813 2644 1051 2686 agnoscere
1082 2634 1162 2671 aut
1190 2629 1355 2670 habere
1385 2628 1559 2670 vellem.
1592 2629 1808 2682 Magnum

67 2713 101 2740 35
115 2714 220 2743 sane
263 2702 461 2745 dolorem
503 2703 664 2745 animis
707 2702 884 2744 iHorum
926 2701 1052 2757 pueri
1094 2699 1351 2741 constantia
1391 2698 1592 2748 incussit,
1637 2703 1684 2740 at
1726 2711 1808 2739 nos

114 2771 288 2815 laetitia
312 2774 480 2816 maiore
505 2774 668 2816 affecit,
701 2774 815 2816 Sunt
841 2773 928 2815 alia
953 2770 1288 2828 quamplurima
1311 2770 1495 2825 pietatis
1520 2783 1571 2811 ac
1596 2774 1805 2812 constan-

115 2843 204 2886 tiae
252 2845 470 2900 exempla‚
523 2845 601 2887 sed
636 2845 739 2886 nolo
776 2846 824 2887 P.
862 2845 952 2886 Vrae
988 2843 1205 2885 molestus
1241 2855 1347 2883 esse.
1388 2841 1516 2883 Certe
1552 2840 1701 2882 nullus
1737 2844 1805 2881 est

114 2928 361 2968 procerum,
404 2930 540 2972 quem
580 2930 670 2958 non
709 2916 908 2971 increpet
950 2915 1004 2956 de
1044 2912 1193 2955 verbis
1231 2912 1473 2961 maledicis,
1516 2910 1803 2967 blasphemiS,

114 2984 364 3040 impudicis,
396 2992 479 3029 etc.
511 2987 650 3029 etiam
678 2987 724 3029 in
752 3000 919 3029 mensa.
952 2986 1083 3027 Nunc
1112 2983 1224 3025 febri
1253 2988 1446 3025 vexatur
1475 2997 1500 3024 a
1530 2982 1687 3024 diebus
1714 2981 1805 3023 iam

67 3066 103 3092 40
116 3055 318 3099 sedecim.
370 3059 417 3099 P.
461 3059 550 3100 Vrae
592 3072 642 3100 ac
697 3058 899 3100 omnium
954 3062 1137 3112 patrum
1191 3060 1235 3096 et
1290 3054 1483 3096 fratrum
1525 3053 1805 3094 orationibus

115 3130 160 3166 et
204 3127 441 3178 sacrificiis,
481 3129 801 3171 Celsitudinem
843 3129 980 3171 Suam
1020 3125 1252 3182 imprimis,
1296 3131 1393 3167 tum
1436 3124 1606 3166 socium
1647 3128 1692 3165 et
1733 3136 1804 3164 me

1829 1222 1902 1253 Aug.
1929 1230 1955 1256 9.
