2188 3535
114 208 204 249 1581
238 207 361 249 szept.
387 205 452 248 21]
879 203 954 237 No.
981 205 1029 248 63
1731 207 1798 244 195

108 328 173 362 tas
199 326 273 361 aut
293 334 426 373 pagus
451 320 723 366 inveniretur,
750 320 822 371 qui
847 333 922 371 pro
946 320 1188 359 huiusmodi
1205 319 1420 357 Romanae
1437 314 1534 360 fidei
1559 316 1802 355 doctoribus

110 381 218 420 Suae
246 376 367 418 Celsni
403 377 685 430 supplicaret;
717 382 820 417 tunc
846 379 930 418 Sua
953 379 1166 418 Celsitudo
1200 378 1326 429 eligat
1365 389 1497 416 unum
1529 375 1803 427 principalem

107 441 246 487 virum
267 452 321 478 ex
341 452 418 478 sua
440 439 537 477 aula
559 443 602 477 et
626 438 729 476 duos
753 437 855 476 alios
885 451 937 476 ex
961 438 1180 484 comitatu,
1217 438 1259 475 in
1289 450 1373 488 quo
1397 447 1528 487 pagus
1553 439 1628 474 aut
1653 434 1803 473 civitas

108 499 247 545 fuerit,
285 510 393 550 quae
425 497 641 548 supplicat
660 511 670 543 ;
709 496 781 547 qui
805 508 904 534 cum
928 497 1057 535 literis
1094 496 1202 535 Suae
1239 492 1379 535 Celsnis
1411 498 1634 539 testentur,
1671 497 1804 544 quota

62 560 79 586 5
107 570 203 608 pars
240 556 425 595 civitatis
462 560 536 594 aut
573 556 670 606 pagi
701 554 910 593 desideret
936 555 1089 593 habere
1123 555 1340 593 Romanae
1373 552 1579 604 religionis
1613 552 1804 591 doctores

107 621 150 655 et
171 628 279 668 quae
299 628 396 667 pars
415 615 550 653 maior
571 614 696 653 fuerit
717 626 904 659 numerO,
927 614 1035 652 illius
1056 614 1262 664 religionis
1287 613 1502 652 doctorem
1538 611 1620 650 toti
1640 611 1808 650 civitati

109 680 183 714 aut
220 688 329 726 pago
365 674 556 720 tribuat;
595 673 838 712 convocatis
876 673 989 723 prius
1020 673 1261 712 consiliariis
1291 677 1333 711 et
1365 671 1536 711 consilio
1574 671 1624 709 de
1661 670 1740 708 hac
1764 681 1806 707 re

109 734 303 773 cumillis
322 734 484 772 habito.
506 733 586 772 Sed
612 738 785 784 propter
808 744 965 771 10—20
983 737 1058 771 aut
1089 732 1273 783 plurium
1299 732 1429 770 etiam
1455 730 1674 769 hominum
1700 729 1808 780 peti—

110 794 282 840 tionem,
299 793 372 845 qui
386 797 480 832 toto
496 805 667 843 corpore
684 792 904 831 Societatis
932 792 1147 842 pauciores
1179 795 1331 837 essent,
1361 803 1445 829 non
1474 790 1693 841 perturbet
1724 788 1808 827 Sua

64 865 98 892 10
111 853 323 892 Celsitudo
352 865 482 903 pagos
512 857 586 891 aut
617 852 811 891 civitates
831 851 846 874 2

241 938 378 981 Videt
418 939 510 981 iam
552 941 605 981 R.
649 940 698 980 P.
738 939 849 987 Tua,
892 937 1120 993 quomodo
1161 936 1346 979 molitur
1386 936 1601 978 sathanas
1640 933 1808 976 limites

112 1024 276 1066 ponere
304 1010 550 1065 evangelio,
580 1024 636 1051 ne
664 1023 838 1051 currere
866 1009 1021 1063 possit.
1053 1008 1142 1050 Sed
1168 1008 1358 1050 verbum
1386 1006 1470 1049 Dei
1498 1020 1589 1047 non
1616 1009 1684 1046 est
1713 1004 1808 1046 alli-

112 1085 283 1136 gatum.
322 1081 514 1123 Utinam
550 1084 621 1122 tot
656 1081 925 1122 haberemus
961 1079 1200 1134 operarios,
1239 1082 1319 1120 aut
1356 1078 1517 1119 saltem
1554 1075 1809 1117 sacerdotes

113 1152 371 1201 catholicos,
405 1157 517 1207 quot
548 1151 621 1193 hic
651 1151 942 1206 requiruntur
972 1155 1017 1192 et
1047 1150 1197 1192 locum
1227 1149 1460 1191 haberent.
1495 1146 1635 1201 Cupio
1668 1147 1722 1188 R.
1757 1147 1805 1187 P.

65 1239 99 1266 15
113 1223 259 1265 Tuam
277 1223 390 1265 bene
408 1222 455 1264 in
473 1222 670 1265 Domino
689 1222 850 1270 valere,
872 1221 943 1263 cui
962 1235 1034 1262 me
1052 1220 1191 1262 etiam
1211 1224 1348 1275 atque
1367 1218 1506 1260 etiam
1525 1215 1808 1264 commendo,

115 1307 218 1336 cum
250 1298 351 1335 toto
382 1294 469 1335 hoc
501 1293 698 1348 collegio,
733 1292 825 1334 imo
856 1291 1186 1347 Transylvania
1217 1294 1330 1332 tota.

246 1364 488 1414 Colosuari‚
527 1377 594 1406 20.
634 1362 912 1418 Septembris
950 1363 1073 1415 1581.

247 1430 348 1478 Rtiae
372 1436 496 1477 Tuae
522 1434 739 1489 indignus
764 1433 884 1475 filius
1154 1437 1199 1474 et
1231 1446 1387 1474 servus
1418 1430 1465 1472 in
1496 1429 1673 1472 Christo

1078 1504 1280 1558 Jacobus
1309 1501 1604 1557 Vagrovicius
1634 1512 1750 1555 mpr.

66 1604 100 1632 20
240 1596 452 1635 Kiilczime
472 1610 484 1634 .·
521 1595 766 1634 Admodum
790 1591 867 1633 Rd0
888 1595 930 1633 in
966 1595 1131 1634 Christo
1155 1595 1272 1633 Patri
1295 1594 1341 1632 P.
1366 1592 1540 1633 Claudio
1563 1590 1813 1643 Aquavivae

114 1656 354 1707 praeposito
377 1656 560 1706 generali
586 1655 808 1694 Societatis
835 1656 950 1705 Jesu.
978 1655 1153 1693 Romae.

385 1735 577 1777 (Eredeti‚
605 1735 830 1779 sajatkezi'1‚
859 1745 883 1768 a
911 1733 1206 1778 Jezsuita·rend
1234 1731 1538 1772 leveltaraban.)

933 1863 1004 1905 63.

571 1949 822 1997 Κοῖοῑευάν,
857 1949 971 2001 1581
1002 1946 1255 2003 saeptember
1285 1958 1354 1988 21.

70 2053 104 2080 25
223 2045 268 2083 P.
299 2045 454 2095 Wujek
483 2044 625 2095 Jakab
657 2045 702 2082 P.
734 2043 960 2095 Aquaviva
990 2042 1165 2082 Claudio
1204 2038 1704 2092 jezsuita-generalisnak.

246 2129 449 2167 Tandcsdt
473 2128 571 2174 Ῐεὲνὶ,
596 2128 695 2166 νὲεῑί
718 2126 953 2178 vegyenek-e
978 2139 1023 2165 az
1047 2124 1440 2176 orszciggyz‘c'le'seken,
1465 2136 1489 2161 a
1513 2123 1613 2161 mire
1636 2145 1690 2149 —
1713 2120 1818 2158 mint

117 2202 140 2226 a
169 2188 518 2227 kolozsmonostorz'
546 2187 719 2239 apcitscig
747 2186 1047 2225 birtokosainak
1074 2209 1128 2213 —
1154 2185 1279 2236 joguk
1307 2197 1399 2229 van,
1428 2184 1531 2233 hogy
1560 2195 1605 2220 az
1632 2179 1817 2231 -zzjlzz'tz'iek

117 2248 361 2286 tcimadcisczit
375 2247 565 2286 elb'szdval
580 2246 781 2285 verlzesseik
797 2246 926 2285 vissz-cz
945 2249 966 2284 .9
986 2246 1036 2284 P.
1060 2244 1294 2284 Odescczlchi
1314 2244 1453 2294 chjost
1474 2240 1666 2280 Kmkoba
1689 2239 1815 2278 kuldi.

249 2333 513 2376 Admodum
552 2326 629 2374 Rae
666 2331 712 2373 in
751 2331 926 2374 Christo
966 2332 1113 2372 Pater.
1154 2330 1251 2371 Pax
1289 2326 1465 2370 Christi.

73 2425 108 2452 30
252 2404 439 2459 Scriptis
474 2404 566 2445 iam
602 2402 857 2458 prioribusl
893 2401 1041 2443 adhuc
1072 2414 1215 2442 unum
1243 2397 1436 2441 occurrit
1472 2394 1818 2452 proponendum

122 2470 216 2518 Rdae
244 2477 292 2518 P.
316 2476 452 2517 Tuae.
479 2473 701 2516 Proximis
723 2472 917 2514 comitiis
946 2485 1098 2513 mense
1126 2470 1245 2512 Maio
1273 2469 1345 2510 hic
1375 2467 1602 2510 Colosuari
1629 2465 1814 2514 habitis,

121 2546 294 2601 experti
324 2560 493 2595 sumus,
527 2549 806 2600 quantopere
836 2542 1030 2585 ministri
1059 2540 1274 2583 haeretici
1304 2553 1455 2581 coram
1485 2552 1620 2593 regno
1650 2536 1740 2579 sint
1770 2536 1817 2577 in

121 2631 202 2659 nos
232 2616 414 2667 invecti,
449 2621 500 2658 ut
533 2630 615 2657 nos
646 2615 693 2656 in
725 2628 955 2656 summum
986 2611 1190 2654 omniurn
1220 2610 1376 2653 odium
1398 2609 1702 2651 adducerent:
1735 2621 1818 2648 nec

123 2692 230 2739 erat,
255 2688 333 2744 qui
355 2702 401 2730 se
422 2687 508 2729 illis
541 2690 801 2741 opponeret,
838 2690 918 2726 aut
952 2683 1130 2725 illorum
1163 2686 1322 2724 contra
1354 2694 1435 2723 nos
1468 2684 1513 2722 et
1547 2678 1818 2721 catholicam

76 2778 110 2805 35
124 2758 258 2801 fidem
287 2758 536 2801 calumnias
565 2757 768 2799 dilueret.
801 2754 1020 2798 Catholici
1049 2753 1169 2795 enim
1197 2752 1330 2808 pauci
1359 2756 1464 2793 sunt
1487 2765 1542 2792 ex
1563 2749 1816 2799 nobilitate,

124 2833 168 2871 et
190 2829 220 2871 ii
241 2844 332 2872 non
353 2829 537 2877 audent,
556 2827 680 2884 quod
704 2827 919 2877 sentiunt,
939 2824 1116 2880 publice
1141 2823 1324 2878 aperire.
1353 2824 1452 2865 Hoc
1476 2821 1615 2877 igitur
1638 2819 1819 2875 cognito

125 2904 168 2941 et
192 2905 437 2955 comperto,
461 2914 508 2942 re
530 2898 867 2942 communicata
888 2911 991 2938 cum
1016 2897 1063 2937 P.
1082 2894 1252 2937 Lelesio
1276 2898 1322 2935 et
1346 2893 1443 2935 aliis
1466 2891 1643 2941 nostris,
1669 2890 1819 2933 visum

127 2969 212 3012 fuit
242 2971 433 3026 principi
463 2983 726 3026 proponere,
759 2973 915 3010 utrum
946 2965 1191 3022 expediret,
1224 2969 1444 3006 rectorem
1475 2962 1646 3017 collegii
1676 2959 1819 3002 nostri

252 3084 266 3106 ²
294 3085 329 3118 A
356 3085 550 3130 vegzesek
578 3095 598 3118 e
629 3094 663 3118 2.
693 3083 837 3128 pontja
864 3080 1075 3126 magyarul
1101 3080 1314 3123 ugyanott,
1348 3087 1430 3120 157.
1460 3077 1484 3110 1.

80 3188 115 3215 4ο
253 3178 267 3198 ¹
297 3178 499 3211 Kozoltfik
531 3179 592 3212 62.
626 3187 678 3211 ΒΖ.
714 3187 748 3210 a.
784 3175 1039 3220 szovegeben.
