2188 3535
103 248 200 284 1579
229 237 312 282 ἑΡΥ·
348 240 388 284 7]
869 239 942 274 No.
979 250 1022 274 21
1740 247 1791 289 67

906 387 975 430 21.

567 486 904 542 Gyulafejervdn
940 499 1052 543 1579
1085 489 1243 543 aprilis
1277 502 1314 543 7.

204 589 248 627 P.
275 590 430 629 Leleszi
453 591 584 641 Janos
610 592 654 630 P.
678 592 911 630 Mercurian
936 592 1155 631 Eberhard
1177 593 1681 644 jezsuita-generalisnak.

222 684 325 730 Egri
356 684 579 724 mv'ikadeise.
620 680 716 737 Utja
750 687 955 736 Erde'lybe.
990 687 1182 737 illeglmtci
1213 688 1480 737 fogadtatdsa.
1514 689 1791 739 Megbrkezdse

47 752 64 779 5
94 739 456 792 Gyulasejcirva'rra.
498 745 676 795 Ba'tlzory
704 746 866 795 Kristo's
891 746 1094 795 fey'edelem
1122 746 1297 784 szivesen
1324 747 1421 785 la'tta
1450 748 1489 785 ἐς
1517 752 1617 786 most
1645 748 1791 788 kdvetet
1839 782 1842 785 .

92 802 263 840 kz’tldvfin
290 803 408 841 hozzci
429 817 452 842 a
473 800 691 855 kolleigizmz
713 805 896 844 nzielo'bbi
921 805 1138 855 felcillz'tdsa
1168 807 1302 856 vegett,
1331 806 1429 849 ἐάντ’,
1458 820 1507 845 ue
1535 807 1787 846 keisedelmes-

92 861 229 911 kedje‘k
261 875 284 900 a
317 866 423 901 szent
454 864 624 914 ilgyben.

207 954 304 1008 Jhs.
338 955 600 997 Reverende
637 956 885 998 admodum
915 956 961 998 in
991 956 1167 999 Christo
1198 957 1346 999 Pater.
1380 958 1474 999 Pax
1505 957 1670 999 Christi
1698 964 1787 1002 etc.

207 1024 306 1066 Scio
342 1018 419 1067 Rde
441 1026 689 1069 admodum
711 1026 757 1068 in
779 1027 955 1069 Christo
987 1028 1096 1081 Jesu
1118 1028 1266 1076 Pater,
1290 1042 1381 1069 non
1401 1028 1604 1082 ignorare
1626 1029 1782 1070 Pater-

46 1105 80 1132 10
91 1093 284 1136 nitatem
329 1095 476 1138 Tuam
520 1111 592 1138 me
636 1097 759 1139 iussu
804 1103 849 1139 et
894 1098 1167 1140 auctoritate
1199 1099 1252 1140 R.
1289 1099 1335 1139 P.
1371 1099 1541 1152 Lanoy,
1575 1098 1621 1139 in
1654 1099 1783 1140 Hun-

90 1165 262 1220 gariam
296 1166 557 1221 ablegatum
592 1167 727 1209 fuisse
761 1168 958 1223 Agriam‚
995 1168 1054 1210 ad
1086 1168 1371 1223 importunas
1403 1182 1556 1223 preces
1589 1170 1788 1224 episcopi

90 1236 350 1291 Agriensis‚1
385 1242 437 1278 ut
471 1237 534 1279 ibi
567 1238 896 1280 concionatoris
928 1253 1126 1287 munere,
1163 1238 1222 1280 ad
1255 1238 1475 1293 placitum
1505 1240 1787 1293 superiorum

91 1305 308 1362 fungerer.
332 1308 533 1350 Medium
551 1322 722 1350 annum
738 1309 784 1350 in
800 1323 851 1350 eo
869 1323 1053 1350 munere
1070 1308 1208 1364 exegi.
1234 1308 1354 1364 Quid
1368 1310 1677 1363 praestiterim
1694 1311 1789 1365 ipse

90 1376 180 1419 scio
205 1382 250 1419 et
275 1383 376 1422 tota
400 1378 562 1421 civitas
586 1393 778 1421 mecum.
806 1379 935 1421 Certe
959 1384 1150 1421 conatus
1174 1393 1288 1428 sum,
1313 1384 1364 1420 ut
1395 1385 1605 1421 sanctum
1641 1380 1786 1422 Socie-

45 1461 78 1489 15
90 1447 200 1490 tatis
244 1454 426 1492 nostrae
484 1464 663 1498 nomen,
717 1464 882 1504 purum
928 1455 1066 1505 atque
1133 1449 1405 1492 inviolatum
1450 1464 1784 1493 conservarem.

91 1518 177 1560 Sed
201 1533 304 1561 cum
330 1520 485 1561 sedulo
511 1534 676 1561 munus
701 1519 812 1561 mihi
833 1520 1089 1562 iniunctum
1115 1520 1299 1569 obirem,
1332 1535 1432 1562 ecce
1455 1520 1541 1562 tibi
1565 1520 1787 1563 divinitus

89 1589 292 1632 oblatam
321 1590 603 1632 occasionem
628 1590 984 1646 Transylvaniae
1014 1590 1265 1646 principem
1295 1592 1608 1633 conveniendi.
1641 1593 1786 1635 Multa

89 1673 160 1702 me
184 1654 261 1703 Rde
283 1660 329 1702 in
365 1660 542 1703 Christo
572 1662 708 1703 Pater
731 1661 789 1703 ad
811 1662 931 1702 hunc
954 1661 1155 1703 laborem
1178 1661 1515 1716 suscipiendum
1537 1664 1787 1706 hortaban-

90 1735 176 1773 tur.
205 1731 259 1773 In
283 1731 440 1787 primis
465 1731 644 1787 piorum
665 1731 869 1774 omnium
894 1746 1047 1787 preces
1072 1737 1117 1773 et
1143 1732 1340 1780 consilia,
1368 1746 1484 1787 quae
1514 1747 1584 1775 me
1607 1733 1786 1775 assidue

43 1803 377 1857 20torquebant,
415 1817 470 1844 ne
506 1807 687 1845 tantam
724 1802 882 1844 salutis
918 1802 1229 1857 proximorum
1265 1803 1546 1845 occasionem
1583 1805 1787 1847 oblatam

88 1872 366 1928 negligerem,
385 1887 524 1928 quam
546 1873 631 1928 ipsi
647 1873 795 1915 verbis
811 1878 855 1915 et
872 1873 1003 1915 factis
1019 1887 1125 1928 prae
1138 1887 1182 1915 se
1195 1873 1399 1915 ferebant
1412 1878 1456 1915 et
1471 1874 1780 1917 declarabant.

96 1943 281 1998 Quoties
302 1958 375 1986 me
395 1958 486 1986 non
508 1944 757 1986 saeculares
776 1944 925 1992 modo,
957 1944 1036 1986 sed
1048 1945 1134 1986 viri
1157 1943 1297 1986 etiam
1319 1944 1621 1987 ecclesiastica
1643 1945 1786 2000 digni-

89 2018 184 2056 tate
204 2014 538 2070 praefulgentes
571 2015 630 2057 ad
654 2014 855 2070 regiones
879 2014 971 2057 iam
997 2015 1123 2056 albas
1147 2014 1407 2057 invitabant
1427 2015 1442 2057 Ρ

201 2084 375 2127 Deinde
422 2085 576 2140 inopia
623 2085 950 2127 catholicorum
997 2085 1390 2140 praesbiterorum‚
1441 2086 1518 2141 qui
1566 2086 1612 2127 in
1659 2086 1780 2128 hisce

43 2154 338 2210 25regionibus
359 2156 450 2198 fere
485 2155 595 2198 nulli
614 2160 733 2197 sunt.
758 2155 981 2197 Videbam
1002 2150 1079 2198 Rde
1097 2156 1346 2198 admodum
1365 2156 1410 2197 in
1430 2156 1605 2198 Christo
1627 2157 1775 2204 Pater,

87 2226 230 2268 multo
246 2226 520 2270 fructuosius
542 2226 614 2268 hic
637 2240 821 2281 operam
846 2226 1083 2268 Societatis
1106 2226 1254 2274 locari,
1273 2240 1411 2281 quam
1434 2226 1552 2267 inter
1573 2226 1779 2268 homines

87 2296 210 2338 caedi
230 2297 381 2353 potius
403 2302 448 2339 et
470 2297 593 2339 omm'
614 2296 830 2339 vitiorum
852 2296 1125 2352 turpitudini
1147 2296 1409 2344 destinatos,
1453 2310 1593 2351 quam
1614 2296 1778 2351 pietati

87 2371 131 2408 et
149 2367 363 2423 religioni.
388 2367 650 2410 Lachrimas
670 2372 820 2409 tenere
840 2381 932 2409 non
951 2367 1094 2422 potui,
1117 2381 1221 2408 cum
1240 2366 1373 2407 huius
1393 2367 1547 2421 populi
1568 2367 1780 2422 Transyl-

88 2437 233 2480 vanici
273 2438 450 2481 fervens
490 2438 693 2480 studium
734 2451 838 2492 erga
870 2437 1106 2479 Societatis
1145 2436 1349 2479 homines
1389 2437 1613 2491 conspexi.
1657 2438 1778 2479 Nam

44 2521 189 2551 aueum
209 2508 403 2564 primam
425 2509 518 2551 eius
539 2508 774 2550 civitatem
794 2508 907 2549 bene
928 2521 1061 2549 mane
1082 2506 1292 2555 subirem,
1316 2521 1416 2549 ecce
1437 2507 1520 2548 tibi
1541 2507 1778 2549 christiani

90 2578 147 2620 ad
166 2593 238 2621 me
259 2579 495 2629 turbatim,
513 2593 620 2635 prae
635 2578 799 2634 gaudio
823 2578 994 2626 flentes,
1021 2591 1183 2619 manus
1207 2582 1251 2619 et
1276 2582 1424 2619 vestes
1448 2577 1777 2627 deosculantes,

89 2648 272 2703 genibus
298 2650 345 2692 in
371 2655 539 2693 terram
566 2649 683 2692 nixis
711 2650 807 2691 Deo
830 2648 998 2703 gratias
1026 2652 1221 2703 agentes,
1265 2661 1310 2689 se
1337 2648 1508 2697 beatos,
1555 2662 1601 2691 se
1628 2648 1779 2691 felices

89 2720 430 2774 proclamantes,
447 2720 526 2777 qui
541 2720 817 2763 desideratos
835 2719 912 2761 diu
928 2718 1092 2761 Christi
1109 2732 1351 2773 praecones
1368 2718 1508 2761 oculis
1523 2719 1780 2775 conspexis-

89 2794 199 2833 sent.
234 2791 421 2840 Erubui,
455 2791 522 2834 ita
553 2805 625 2834 me
658 2792 781 2833 Deus
813 2794 949 2838 amet,
981 2803 1062 2831 nec
1094 2803 1175 2844 ego
1208 2789 1341 2838 solus,
1376 2789 1454 2831 sed
1485 2790 1564 2846 qui
1596 2803 1776 2832 mecum

45 2859 275 2904 35aderant
297 2861 485 2904 comites
507 2861 665 2910 aversi,
690 2861 910 2917 pietatem
928 2858 1083 2915 populi
1105 2859 1332 2901 lachrimis
1353 2860 1580 2915 prosecuti
1602 2874 1772 2903 sumus.

90 2929 374 2975 Sacerdotem
402 2933 525 2988 apud
551 2946 626 2975 eos
653 2932 828 2974 nullum
855 2929 1020 2979 inveni,
1050 2929 1128 2971 sed
1154 2929 1320 2972 laicum
1347 2930 1576 2986 quendam
1603 2931 1776 2973 arcula-

88 3013 202 3051 rum,
219 3002 296 3058 qui
311 3003 560 3046 Dominicis
575 3002 790 3058 festisque
806 3001 976 3049 diebus,
995 3000 1242 3055 Evangelia
1256 3000 1364 3056 ipsis
1384 3001 1626 3056 hungarice
1647 3015 1775 3056 prae-

90 3069 263 3126 legeret,
303 3073 690 3130 explicationeque
724 3073 981 3114 illustraret.
1017 3071 1166 3112 Tanto
1200 3070 1491 3113 nihilominus
1525 3071 1776 3113 catholicae

216 3195 229 3215 ¹
257 3195 431 3230 Radeczi
460 3197 615 3237 Istvan,
650 3206 744 3240 1572
773 3196 856 3229 ota.

1598 3264 1637 3300 5*
