2188 3535
125 219 216 261 1581
251 218 375 262 szept.
414 217 450 262 1]
888 214 965 251 No.
993 225 1041 262 59
1743 217 1808 250 181

123 342 190 378 est
222 335 268 377 in
299 335 385 377 hoc
417 348 567 390 regno,
602 337 656 376 ut
689 334 895 390 princeps
928 349 955 377 a
987 334 1245 391 proceribus
1277 333 1399 390 regni
1437 333 1640 390 eligatur,
1675 335 1754 377 sed
1787 349 1814 377 a

122 407 369 449 Turcarum
408 419 589 461 quoque
627 404 898 461 imperatore
940 406 1130 461 accipiat
1173 405 1389 448 vexillum
1428 409 1473 447 et
1512 405 1813 448 confirmatio-

122 491 254 527 nem;
293 476 455 519 missus
491 490 595 532 ergo
632 475 719 518 fuit
757 491 836 532 pro
874 477 1037 519 vexillo
1074 477 1249 532 legatus
1284 475 1390 518 novi
1432 474 1645 532 principis
1682 476 1813 532 Sigis-

122 547 279 590 mundi
313 546 541 598 Bathorei‚
592 546 662 588 cui
704 561 884 590 omnem
920 548 1113 589 tutelam
1147 552 1192 589 et
1227 547 1533 590 defensionem
1564 549 1813 590 Turcarum

73 633 91 660 5
122 618 368 674 imperator
410 617 637 674 pollicitus
680 622 761 661 est.
824 618 947 661 Misit
991 618 1129 660 etiam
1172 618 1354 660 bassam
1396 632 1539 660 unum
1583 632 1686 660 cum
1730 631 1814 661 200

121 689 352 739 militibus,
389 689 466 745 qui
500 703 604 731 cum
635 689 805 732 honore
837 689 1053 731 vexillum
1086 689 1299 745 principis
1332 688 1525 731 deferret
1557 689 1603 731 in
1636 689 1813 745 signum

122 759 390 802 defensionis
425 764 470 802 et
505 764 751 815 perpetuae
786 760 938 816 pacis;
975 774 1030 803 ex
1064 761 1150 802 hac
1184 760 1576 802 confoederatione
1610 761 1813 816 obligant

121 845 167 873 se
209 831 381 873 Turcae
413 831 736 887 Transylvanis
777 835 936 874 contra
979 845 1133 873 omnes
1164 831 1317 873 hostes
1360 844 1493 886 opem
1537 845 1583 873 se
1625 831 1810 874 laturos.

121 902 421 958 Transylvani
458 907 614 944 autem
651 902 835 958 singulis
873 901 1002 944 annis
1042 912 1093 955 15
1132 901 1272 944 millia
1309 915 1547 944 aureorum
1584 916 1665 957 pro
1702 917 1813 958 pace

73 987 108 1014 10
121 973 430 1016 conservanda
445 972 654 1015 tribuunt
668 972 824 1016 Turcis
840 977 885 1015 et
901 972 1126 1029 quaedam
1144 972 1411 1015 munuscula
1430 972 1572 1015 bassis
1582 986 1591 1023 ;
1613 973 1811 1015 exercitu

122 1048 278 1086 autem
299 1044 370 1086 vel
391 1043 611 1086 militibus
631 1045 800 1086 Turcas
821 1048 979 1086 contra
999 1044 1151 1086 hostes
1172 1057 1275 1085 suos
1296 1043 1451 1086 iuvare
1471 1058 1563 1085 non
1584 1048 1808 1087 tenentur.

236 1115 462 1171 Vigesima
481 1115 642 1171 quinta
657 1115 851 1171 Augusti
872 1115 1005 1157 huius
1027 1114 1132 1157 anni
1150 1115 1258 1168 1581
1276 1114 1409 1155 bassa
1430 1128 1533 1156 cum
1548 1114 1712 1156 vexillo
1735 1115 1811 1157 ad·
1825 1129 1897 1160 Aug.
1922 1135 1967 1160 25.

122 1190 308 1228 ventare
330 1186 538 1242 coeperit.
557 1186 679 1228 Misit
696 1185 735 1228 ei
750 1186 956 1242 princeps
971 1185 1155 1228 obviam
1170 1198 1254 1238 300
1269 1184 1443 1240 equites
1466 1189 1511 1227 et
1533 1197 1617 1227 200
1640 1185 1814 1227 circiter

121 1256 296 1312 pedites
321 1262 366 1299 et
393 1256 600 1313 princeps
638 1257 732 1313 ipse
757 1270 849 1299 non
875 1256 1029 1312 procul
1055 1257 1113 1299 ab
1142 1256 1245 1298 aula
1276 1255 1459 1297 obviam
1499 1255 1538 1297 ei
1569 1256 1811 1311 processit;

73 1340 108 1368 15
122 1327 194 1369 cui
235 1328 433 1383 primum
475 1328 609 1370 bassa
651 1327 938 1370 voluntatem
980 1326 1049 1369 sui
1091 1326 1374 1382 imperatoris
1417 1326 1640 1382 exposuit,
1692 1327 1815 1383 quod

122 1403 308 1454 paratus
341 1413 516 1454 semper
548 1402 664 1440 esset
696 1398 1034 1454 Transylvaniis
1067 1402 1226 1440 contra
1257 1411 1412 1440 omnes
1440 1398 1592 1440 hostes
1614 1398 1814 1453 ipsorum

121 1483 254 1524 opem
282 1468 394 1511 ferre
422 1474 467 1511 et
496 1469 542 1510 in
570 1468 704 1511 huius
732 1468 910 1524 signum
938 1468 1154 1511 vexillum
1182 1468 1373 1524 principi
1401 1468 1608 1510 misisset.
1640 1469 1814 1512 Deinde

120 1539 310 1582 tradidit
342 1540 557 1582 vexillum
589 1540 635 1581 in
666 1553 829 1582 manus
860 1539 1073 1595 principis
1104 1544 1149 1582 et
1182 1540 1316 1582 ambo
1347 1539 1394 1581 in
1425 1554 1573 1582 arcem
1605 1540 1813 1582 ascende-

119 1614 239 1660 runt,
285 1611 418 1653 bassa
461 1625 517 1652 ex
560 1614 691 1666 parte
734 1610 916 1653 sinistra
959 1610 1173 1666 principis
1216 1610 1464 1653 incedente.
1527 1612 1726 1667 Moxque
1768 1611 1815 1653 in

72 1681 297 1737 zosignum
355 1681 555 1724 laetitiae
598 1696 625 1724 a
665 1681 886 1724 militibus
927 1681 1122 1724 minores
1162 1681 1439 1724 bombardae
1482 1686 1526 1724 et
1569 1697 1624 1724 ex
1666 1687 1814 1725 castro

119 1751 309 1795 maiores
335 1757 606 1795 exoneratae
634 1757 752 1795 sunt.

234 1823 503 1866 Admirabili
546 1825 669 1866 Deus
711 1823 1000 1880 providentia
1041 1825 1126 1866 hoc
1169 1838 1288 1866 anno
1330 1838 1438 1866 usus
1481 1829 1549 1866 est
1593 1839 1696 1866 cum
1738 1824 1814 1880 pio

120 1893 334 1937 defuncto
358 1894 559 1950 principe
582 1899 627 1936 et
651 1908 755 1937 cum
776 1895 861 1937 hoc
884 1909 1033 1951 regno.
1060 1896 1180 1937 Nam
1202 1909 1292 1937 uno
1315 1909 1467 1937 mense
1490 1900 1597 1938 ante
1620 1900 1814 1938 mortem

119 1964 344 2021 principis,
380 1965 596 2008 defuncta
628 1970 696 2007 est
726 1965 818 2008 filia
836 1967 872 1994 15
905 1966 999 2008 eius
1039 1971 1085 2008 et
1124 1980 1239 2008 uxor
1278 1966 1517 2016 haeretica,
1561 1980 1677 2022 quae
1717 1971 1813 2009 erat

72 2036 297 2092 25asylum
326 2041 372 2079 et
401 2036 657 2092 perfugium
686 2036 890 2079 omnium
917 2036 1260 2079 haereticorum.
1294 2038 1432 2087 Haec,
1464 2037 1501 2079 si
1529 2038 1601 2079 vel
1629 2037 1814 2079 unicum

120 2121 320 2150 mensem
350 2112 454 2163 post
485 2112 681 2150 mortem
708 2107 860 2150 mariti
890 2108 1177 2163 supervivere
1207 2108 1442 2163 potuisset,
1476 2113 1627 2150 totum
1657 2107 1813 2163 procul

120 2177 258 2220 dubio
284 2193 472 2234 regnum
499 2179 807 2234 perturbasset
827 2192 837 2229 ;
870 2179 1013 2221 filium
1040 2193 1068 2221 a
1092 2183 1249 2221 nostra
1275 2179 1510 2234 disciplina
1537 2178 1809 2227 abstulisset,

121 2253 166 2290 et
201 2249 437 2292 haereticis
474 2249 806 2292 instituendum
844 2249 1133 2300 tradidisset;
1173 2254 1218 2291 et
1254 2264 1336 2292 nos
1372 2250 1524 2299 etiam,
1564 2254 1812 2304 antequam

120 2333 198 2361 rex
224 2320 383 2362 rescire
409 2320 644 2376 potuisset,
667 2334 690 2362 e
711 2334 846 2375 regno
874 2320 1105 2376 exegisset.
1135 2319 1309 2362 Deinde
1335 2335 1500 2375 magna
1525 2319 1812 2375 providentia

73 2402 109 2430 30
121 2390 205 2433 Dei
233 2396 411 2446 gestum
440 2396 521 2441 est,
562 2395 615 2433 ut
644 2391 779 2446 paulo
808 2395 915 2433 ante
943 2395 1138 2433 mortem
1166 2390 1391 2447 principis,
1423 2390 1540 2433 filius
1569 2390 1662 2433 eius
1691 2404 1811 2432 com-

120 2461 247 2503 muni
269 2476 488 2504 consensu
511 2461 635 2517 regni
657 2461 704 2503 in
726 2475 1032 2504 successorum
1055 2461 1314 2517 eligeretur:
1341 2461 1426 2503 nisi
1441 2461 1560 2503 enim
1575 2461 1622 2503 id
1637 2460 1812 2503 factum

121 2537 250 2582 esset,
288 2533 537 2575 certissima
571 2532 689 2575 bella
723 2537 768 2574 et
804 2532 1045 2574 seditiones
1080 2532 1389 2588 expectandae
1424 2532 1613 2574 fuissent
1649 2536 1694 2574 et
1729 2545 1812 2574 nos

122 2602 254 2658 primi
268 2618 324 2646 ex
338 2618 474 2660 regno
493 2602 724 2646 exturbati
744 2603 994 2645 fuissemus.
1019 2603 1094 2645 Ita
1113 2602 1233 2645 enim
1253 2603 1359 2645 vivo
1380 2603 1579 2659 principe
1598 2602 1812 2646 haeretici

121 2675 250 2717 nobis
288 2676 647 2718 minitabantur:
690 2690 787 2717 cum
824 2675 1019 2730 primum
1053 2679 1247 2717 mortuus
1280 2675 1412 2728 suerit
1442 2675 1660 2731 princeps,
1693 2674 1812 2717 illico

75 2755 110 2782 35
124 2759 195 2787 vos
229 2746 488 2794 eiicienzus;
523 2747 602 2788 sed
636 2761 727 2788 non
763 2750 830 2788 est
866 2746 1123 2801 prudentia,
1159 2760 1250 2787 non
1282 2750 1349 2787 est
1382 2746 1617 2789 consilium
1653 2750 1812 2788 contra

123 2815 382 2859 Dominum.
411 2818 646 2860 Postremo
671 2830 775 2858 cum
799 2816 947 2858 adhuc
972 2819 1075 2871 post
1100 2815 1364 2858 electionem
1391 2816 1604 2872 principis
1628 2815 1812 2859 iunioris

123 2887 347 2929 tumultus
376 2887 519 2929 metui
547 2887 783 2943 potuisset,
815 2886 1095 2929 authoritate
1122 2886 1237 2942 regis
1268 2887 1479 2929 Poloniae
1509 2892 1554 2929 et
1583 2891 1813 2943 potestate

123 2954 405 3012 imperatoris
435 2959 698 3008 Turcarum,
728 2958 793 3001 ita
825 2957 964 3000 animi
995 2956 1309 3000 seditiosorum
1343 2962 1389 3000 et
1423 2958 1626 3001 omnium
1659 2958 1812 3000 haere-

125 3025 316 3070 ticorum
349 3028 626 3071 consternati
660 3033 705 3071 et
740 3028 901 3071 deiecti
935 3032 1054 3077 sunt,
1090 3032 1143 3070 ut
1176 3028 1287 3070 nihil
1320 3043 1501 3084 prorsus
1534 3028 1680 3071 moliri
1714 3026 1812 3070 ausi

78 3106 114 3133 40
126 3094 304 3140 fuerint.
334 3099 428 3141 Nec
454 3114 658 3155 unquam
686 3099 921 3142 audebunt
949 3098 1133 3141 vivente
1160 3113 1279 3142 novo
1307 3099 1520 3155 principe,
1550 3100 1610 3142 ob
1637 3102 1812 3141 metum

254 3194 285 3215 ²⁵
312 3195 495 3242 Bathory
524 3197 681 3232 Kristof
706 3209 726 3232 e
748 3197 982 3243 nagyobbik
1002 3197 1207 3242 leanyarol
1228 3200 1347 3245 eddig
1368 3210 1460 3234 nem
1480 3200 1674 3235 tudtunk.
