2188 3535
354 172 424 217 176
1116 171 1190 206 No.
1222 180 1270 217 59
1707 174 1818 217 [1581
1855 178 1978 219 szept.
2019 185 2031 208 1

349 303 461 339 mas,
503 303 694 345 quarum
733 287 966 342 longitudo
1005 293 1050 330 et
1091 288 1288 332 latitudo
1327 289 1413 332 iter
1450 290 1579 346 quasi
1618 290 1751 333 unius
1791 291 1878 333 diei
1916 305 2037 334 com-

352 359 590 415 plectitur:
635 359 704 400 hic
733 357 1003 412 multiplices
1048 373 1155 402 aves
1183 364 1228 402 et
1258 360 1376 403 ferae
1405 361 1706 410 continentur,
1738 375 1851 417 quas
1880 375 2038 417 capere

350 435 395 472 et
430 429 581 472 venari
614 428 779 470 nemini
811 428 914 470 licet
947 429 1117 485 absque
1150 435 1304 473 nostro
1337 445 1567 474 consensu.
1603 432 1773 474 Multae
1806 437 2037 487 praeterea

352 500 422 541 hic
443 505 548 542 sunt
569 500 748 540 arbores
769 498 1039 550 fructiferae,
1063 515 1179 556 quae
1200 516 1335 544 nuces
1356 503 1584 545 avellanas
1605 507 1766 558 sponte
1787 502 2034 558 proferunt.

352 571 422 612 Ex
465 570 826 611 Colosmonostra
868 569 1005 625 igitur
1046 585 1332 628 quocumque
1374 573 1526 615 oculos
1568 578 1899 623 convertamus,
1944 573 2038 616 sive
2071 585 2087 612 5

347 641 407 682 ad
443 644 606 689 ortum,
644 639 738 682 sive
774 640 834 682 ad
869 654 1091 691 occasum,
1130 643 1224 686 sive
1259 643 1319 686 ad
1354 644 1598 692 meridiem,
1638 643 1731 686 sive
1768 644 1827 686 ad
1862 649 2038 700 septen-

350 710 553 759 trionem,
588 710 740 753 omnia
771 725 887 766 quae
919 711 1126 756 videmus
1157 720 1312 757 nostra
1343 719 1479 765 sunt;
1513 719 1558 757 et
1591 714 1750 757 eodem
1781 714 1914 757 simul
1945 729 2038 758 mo-

348 786 502 823 mento
537 781 687 823 licebit
724 783 1021 838 contemplari
1056 784 1224 834 vineas,
1262 799 1404 841 agros,
1443 791 1588 841 prata,
1625 785 1830 835 fluvium,
1868 787 2036 835 hortos,

348 852 501 894 villam
534 856 578 894 et
611 852 775 908 sylvas.
813 854 1026 896 Habebat
1060 855 1167 897 olim
1199 856 1563 899 Colosmonostra
1595 856 1788 899 formam
1821 856 2036 906 coenobii,

348 922 427 964 sed
455 927 699 979 postquam
730 925 939 967 monachi
968 925 1151 967 fuerunt
1181 926 1311 969 eiecti
1339 928 1398 969 ab
1427 927 1662 969 haereticis
1707 927 1914 977 dominis,
1962 927 2088 983 quim

346 1007 447 1035 eam
484 994 781 1043 incoluerunt,
806 994 851 1037 in
873 995 1066 1038 formam
1088 997 1223 1040 castri
1262 997 1347 1040 fuit
1386 998 1758 1049 accommodata;
1799 997 2040 1041 destructis

345 1064 515 1107 cellulis
544 1064 749 1114 fratrum,
788 1066 1095 1110 circumdatur
1126 1082 1218 1111 una
1245 1083 1301 1111 ex
1330 1073 1458 1125 parte
1487 1083 1629 1118 muro,
1660 1083 1716 1111 ex
1744 1068 1832 1111 alia
1859 1069 2040 1125 sepibus

349 1135 447 1177 luto
484 1135 692 1179 delinitis.
733 1137 930 1192 Insignia
966 1138 1117 1181 fratris
1153 1139 1330 1195 Georgii
1365 1140 1685 1190 Thesaurarii‚⁴
1720 1154 1823 1182 cum
1859 1139 2040 1182 nomine

347 1206 548 1249 eiusdem
577 1213 822 1250 cernuntur
850 1208 998 1251 adhuc
1026 1224 1163 1266 supra
1191 1216 1371 1266 portam
1400 1211 1446 1252 in
1474 1211 1622 1267 lapide
1651 1211 1802 1254 incisa.
1851 1212 1921 1253 Ex
1949 1225 2040 1267 quo

347 1277 596 1332 colligimus
640 1279 698 1320 ab
742 1293 794 1321 eo
837 1279 986 1322 locum
1030 1281 1150 1323 hunc
1195 1281 1330 1324 fuisse
1375 1282 1758 1325 exaedificatum.5
1801 1282 2040 1338 Templum
2056 1296 2090 1324 15

348 1348 485 1390 habet
529 1349 822 1392 coniunctum
865 1351 1080 1394 coenobio
1123 1352 1233 1394 satis
1276 1353 1492 1408 amplum,
1538 1354 1617 1395 sed
1658 1353 1869 1396 omnibus
1911 1366 2040 1395 orna-

347 1419 512 1461 mentis
551 1420 808 1475 spoliatum.
853 1422 1081 1464 Haeretici
1120 1423 1240 1466 enirn
1281 1429 1428 1466 vestes
1468 1438 1624 1467 omnes
1664 1430 1708 1466 et
1749 1438 1860 1467 vasa
1899 1437 2037 1472 sacra,

343 1490 588 1546 omniaque
636 1491 848 1534 altarium
895 1498 1163 1536 ornamenta
1209 1494 1520 1550 diripuerunt:
1571 1495 1788 1550 imagines
1835 1496 2040 1538 combus-

347 1566 500 1602 serunt
543 1566 587 1603 et
631 1562 750 1604 vitra
792 1577 814 1604 e
858 1563 1062 1606 fenestris
1107 1570 1412 1614 excusserunt,
1458 1566 1657 1621 nihilque
1699 1566 1822 1608 aliud
1864 1571 2041 1621 praeter

347 1631 492 1673 nudos
524 1632 716 1687 parietes
742 1634 1031 1689 reliquerunt.
1075 1637 1283 1678 Monachi
1309 1650 1413 1679 cum
1439 1636 1717 1679 discederent
1757 1636 2039 1679 suffoderant
2056 1650 2090 1677 20

345 1703 430 1744 sub
463 1707 582 1746 terra
613 1703 659 1745 in
690 1704 865 1760 aliquot
897 1707 1021 1749 cistis
1053 1720 1163 1749 vasa
1207 1721 1344 1750 aurea
1388 1712 1431 1749 et
1476 1712 1702 1763 argentea,
1750 1709 1860 1751 item
1892 1712 2042 1750 vestes

345 1787 494 1815 sacras
528 1774 841 1829 preciosiores;
878 1777 957 1818 sed
988 1777 1201 1820 inventae
1235 1778 1417 1820 fuerunt
1452 1779 1510 1820 ab
1542 1778 1778 1821 haereticis
1811 1784 1856 1820 et
1890 1792 2040 1834 aspor-

348 1848 485 1886 tatae.
529 1845 670 1887 Albae
711 1847 858 1900 Juliae
899 1847 1047 1890 nescio
1088 1863 1178 1904 quo
1219 1863 1326 1891 casu
1368 1849 1550 1891 fuerunt
1592 1850 1712 1891 ultra
1753 1860 1807 1903 50
1848 1849 2038 1898 casulae,

345 1914 617 1958 dalmaticae
646 1917 671 1959 8
702 1923 782 1958 aut
814 1930 895 1968 10;
943 1918 1052 1960 item
1083 1919 1348 1975 antipendia
1377 1935 1468 1963 non
1497 1934 1655 1976 pauca,
1702 1920 1845 1962 infula
1873 1920 2041 1976 episco-

347 1986 459 2040 palis
500 2000 602 2029 cum
635 1988 794 2030 baculo
836 1994 1048 2044 argenteo
1089 1996 1134 2032 et
1175 1991 1388 2033 calicibus
1431 2004 1484 2033 10
1525 1996 1605 2033 aut
1649 2004 1700 2034 12
1742 1996 2091 2041 conservata;25

345 2070 462 2111 quae
485 2058 637 2100 omnia
661 2059 867 2115 princeps
890 2060 1019 2102 nobis
1043 2061 1232 2104 donavit
1257 2067 1301 2103 et
1326 2062 1411 2104 illis
1435 2062 1480 2104 in
1504 2062 1650 2105 tribus
1673 2061 1854 2118 templis
1878 2061 2042 2104 nostris

345 2127 529 2170 utimur.
572 2129 722 2171 Primo
760 2144 892 2180 anno,
933 2145 1023 2186 quo
1061 2131 1106 2173 in
1128 2133 1506 2189 Transylvaniam
1544 2133 1763 2182 venimus,
1804 2146 1959 2175 omnes
1996 2132 2042 2174 in

346 2197 710 2242 Colosmonostra
758 2201 1067 2245 habitavimus
1116 2209 1161 2245 et
1211 2204 1320 2246 satis
1369 2204 1605 2247 commode
1654 2209 1698 2246 et
1748 2204 1927 2260 quiete:
1980 2203 2042 2245 ibi

342 2269 520 2311 scholas
548 2284 727 2326 quoque
756 2277 846 2314 tres
874 2287 1187 2325 erexeramus;
1218 2275 1297 2317 sed
1324 2275 1432 2331 quia
1459 2275 1505 2317 in
1532 2275 1720 2318 civitate
1748 2274 1891 2317 maior
1919 2274 2041 2316 vide-

345 2339 481 2382 batur
500 2355 628 2396 posse
648 2342 741 2384 fieri
762 2343 936 2386 fructus
956 2349 1000 2386 et
1023 2359 1127 2387 cum
1147 2346 1450 2397 concionibus,
1473 2351 1518 2389 et
1534 2360 1638 2388 curn
1652 2345 1827 2394 scholis,
1844 2344 2041 2387 obtinui·
2054 2360 2090 2388 30

345 2425 446 2452 mus
472 2426 498 2453 a
523 2412 737 2469 principe,
755 2419 806 2456 ut
821 2414 883 2456 ibi
905 2415 1173 2458 coenobium
1195 2422 1240 2458 et
1263 2417 1486 2473 templum
1508 2417 1762 2459 desolatum
1784 2415 2041 2458 Francisca-

346 2496 507 2524 norum
532 2484 731 2526 reficeret
758 2490 802 2527 et
828 2486 1003 2528 scholas
1025 2501 1167 2530 novas
1192 2487 1392 2543 erigeret,
1421 2488 1544 2544 quod
1568 2492 1612 2530 et
1639 2492 1867 2543 praestare
1892 2486 2040 2542 coepit

348 2553 628 2606 perlibenter.
667 2556 720 2597 In
754 2557 968 2599 coenobio
1002 2557 1122 2600 intra
1155 2572 1322 2613 paucos
1356 2573 1530 2601 menses
1563 2569 1587 2612 5
1621 2559 1904 2614 hypocausta
1937 2562 1981 2599 et
2017 2567 2040 2610 5

348 2623 554 2666 cubicula
582 2625 763 2668 fuerunt
803 2628 1040 2670 absoluta:
1089 2629 1265 2671 scholae
1308 2630 1542 2685 magnifice
1570 2633 1701 2671 erunt
1731 2642 1833 2670 cum
1863 2627 2042 2683 portici-

349 2693 432 2734 bus
474 2699 518 2735 et
561 2697 810 2750 quadratae
852 2699 1032 2753 figurae,
1065 2714 1258 2755 quorum
1301 2700 1487 2743 dimidia
1528 2714 1631 2755 pars
1673 2699 1763 2741 iam
1805 2703 1872 2740 est
1897 2698 2090 2744 finita.35

351 2763 468 2805 Illud
496 2765 550 2806 de
576 2766 672 2809 istis
699 2768 860 2811 scholis
887 2770 1266 2824 praetereundum
1301 2785 1391 2813 non
1419 2771 1611 2820 videtur,
1641 2769 1763 2825 quod
1790 2783 1893 2811 cum
1920 2769 2043 2812 locus

349 2838 485 2889 aptus
519 2850 599 2890 pro
633 2837 717 2880 illis
751 2853 889 2895 prope
931 2841 1197 2882 coenobium
1231 2855 1321 2883 non
1356 2841 1644 2889 inveniretur,
1681 2839 1765 2882 nisi
1801 2839 2042 2882 destructis

349 2904 521 2960 aliquot
559 2907 743 2950 aedibus
779 2910 946 2953 civium
983 2916 1027 2953 et
1064 2916 1286 2967 occupata
1330 2926 1433 2954 area
1469 2910 1682 2954 coenobii.
1739 2911 1850 2953 Erat
1887 2915 2042 2952 autem

350 2989 404 3017 ex
431 2977 639 3031 opposito
667 2981 868 3022 coenobii
895 2986 940 3023 et
969 2982 1126 3038 templi
1153 2982 1387 3024 interiecta
1421 2982 1584 3037 platea,
1618 2980 1842 3024 habitatio
1871 2980 2041 3024 monia-

480 3077 495 3098 4
523 3078 579 3110 Az
606 3079 796 3121 1551-ben
819 3082 966 3126 megolt
987 3082 1248 3116 Martinovics
1269 3082 1394 3116 frater
1414 3081 1588 3127 Gyorgy.
2054 3093 2090 3120 40

477 3136 492 3157 ⁵
520 3136 575 3170 Ez
598 3137 760 3172 erdekes
782 3139 821 3184 uj
847 3141 957 3181 adat,
981 3142 1167 3187 melynek
1187 3141 1306 3187 eddig
1326 3141 1437 3179 sehol
1458 3151 1607 3187 nyoma
1628 3151 1721 3175 nem
1742 3141 1841 3175 volt.
