2188 3535
325 241 403 274 244
1095 214 1169 247 ΝΟ·
1200 213 1245 257 78
1698 209 1812 255 [1582
1846 208 1930 242 okt.
1969 218 2015 252 19

326 345 524 390 muniter
546 342 603 385 ad
626 353 680 395 70
704 334 883 380 barbati
906 338 951 375 et
977 329 1144 374 maturi
1167 327 1474 371 adolescentes
1497 327 1543 369 in
1565 326 1706 369 literis
1729 324 2015 382 politioribus

325 416 435 460 satis
473 408 717 456 exercitati,
758 420 812 448 ex
851 402 1015 459 quibus
1053 400 1199 456 pudor
1236 403 1365 447 esset,
1400 397 1436 440 si
1468 397 1772 446 concionibus
1813 395 2016 452 disputa-

326 485 526 528 tionibus
563 486 607 522 et
646 474 940 520 familiaribus
976 469 1208 526 colloquiis
1245 481 1301 512 20
1337 468 1499 511 lucrari
1536 483 1626 511 non
1664 480 1856 523 possem.
1897 467 2017 509 Nam

324 555 461 598 etiam
484 551 555 593 hic
576 562 678 591 cum
700 544 910 588 omnibus
931 539 1269 584 turbationibus
1289 544 1334 582 et
1351 539 1587 587 scandalis,
1608 552 1725 594 quae
1741 536 2015 585 acciderunt,

325 622 570 680 potuissem
589 618 679 660 iam
696 617 782 658 hoc
800 612 992 656 triennio
1020 623 1072 653 12
1105 610 1412 654 adolescentes
1429 624 1510 665 pro
1529 609 1755 652 Societate
1774 607 2015 664 acquirere,
2049 622 2066 649 5

324 699 374 736 ut
415 690 525 734 nihil
566 701 679 744 opus
721 685 877 727 fuisset
917 681 1098 726 Polonis
1138 695 1219 737 pro
1259 680 1547 723 inferioribus
1588 678 1818 727 classibus,
1861 678 1898 720 si
1938 692 2019 734 ego

323 775 506 819 operam
531 764 575 801 et
601 755 882 812 diligentiam
905 752 1225 796 adhibuissem.
1255 751 1343 794 Sed
1366 751 1475 806 quia
1500 750 1729 798 videbam,
1757 748 1880 805 quod
1903 748 2021 790 sicut

324 834 425 881 duo,
451 829 528 886 qui
558 829 853 874 intraverant,
876 838 967 866 non
989 827 1335 879 perseverarunt
1358 822 1417 864 ob
1447 834 1632 877 asperos
1662 833 1808 862 mores
1836 818 2021 862 rectoris

324 909 367 946 et
397 899 707 944 confusionem
736 910 898 944 rerum,
926 908 1066 950 quarn
1095 893 1141 935 in
1170 892 1356 948 collegio
1386 892 1624 939 videbant,
1655 890 1717 933 sic
1747 904 1827 932 nec
1857 889 2022 932 caeteri

322 977 468 1016 essent
495 966 835 1026 perseveraturi,
863 966 922 1008 ob
947 965 994 1007 id
1014 978 1105 1006 non
1129 963 1288 1006 curavi
1312 976 1598 1019 quemquam
1623 961 1683 1004 ad
1705 962 1790 1004 hoc
1814 965 2022 1003 nostrum
2037 975 2070 1002 10

322 1042 587 1086 institutum
632 1039 805 1082 allicere
850 1042 895 1079 et
941 1035 1164 1077 inducere.
1209 1035 1303 1076 Nec
1348 1038 1508 1075 tamen
1554 1032 1772 1088 cuiquam
1816 1031 2019 1080 dissuasi,

326 1128 407 1157 nec
424 1110 642 1168 impedivi
659 1121 948 1165 quemquam,
968 1105 1211 1162 quominus
1230 1104 1353 1160 quod
1375 1104 1512 1146 vellet
1536 1103 1806 1145 institutum
1829 1102 2023 1158 amplec-

329 1189 513 1227 teretur.
539 1183 656 1224 Nam
678 1186 720 1222 et
743 1178 907 1221 caeteri
940 1176 1112 1233 Ungari
1151 1175 1428 1231 antiquiores
1449 1174 1494 1216 in
1515 1174 1808 1222 Societatem,
1831 1187 1922 1215 uno
1943 1176 2022 1215 aut

327 1255 469 1297 altero
512 1256 713 1307 excepto,
776 1264 851 1305 per
894 1262 969 1291 me
1011 1251 1130 1296 sunt,
1175 1245 1371 1290 Domino
1414 1245 1624 1287 trahente
1667 1249 1712 1286 et
1754 1248 2024 1300 cooperante

324 1323 509 1381 ingressi
536 1323 747 1365 Viennae.
784 1319 1095 1376 Quamobrem
1121 1331 1212 1360 non
1237 1316 1398 1359 dubito
1426 1317 1481 1359 de
1509 1314 1694 1358 Domini
1720 1313 2024 1357 misericordia
2039 1329 2072 1358 15

325 1401 370 1439 et
389 1394 548 1451 gratia,
570 1392 679 1449 quin
695 1389 923 1439 Varadini,
943 1389 981 1432 si
1000 1403 1072 1431 me
1090 1403 1142 1431 eo
1159 1389 1258 1431 Tua
1278 1386 1551 1430 Reverentia
1570 1386 1632 1429 ire
1655 1385 1871 1441 patietur,
1895 1384 2025 1441 longe

326 1466 474 1522 plures
500 1463 666 1520 possim
693 1461 933 1518 acquirere.
969 1459 1089 1516 Quin
1114 1464 1159 1502 et
1185 1459 1297 1500 illud
1321 1472 1479 1500 secure
1504 1456 1729 1513 promitto
1755 1470 1826 1499 me
1851 1470 1907 1499 ex
1932 1455 2027 1498 sola

324 1537 582 1591 elemosyna
627 1534 773 1589 plures
817 1532 905 1573 illic
937 1544 1152 1587 personas
1183 1529 1418 1578 aliturum,
1453 1542 1595 1585 quam
1627 1527 1699 1569 hic
1730 1541 1785 1570 ex
1816 1526 2027 1569 omnibus

325 1621 444 1650 nunc
474 1605 724 1648 redditibus
754 1607 1080 1651 sustentamur,
1113 1615 1217 1643 cum
1247 1614 1413 1655 magna
1445 1599 1528 1642 Dei
1560 1599 1707 1647 laude,
1741 1599 1859 1640 bono
1890 1598 2026 1640 odore

326 1676 563 1720 Societatis
598 1681 642 1717 et
679 1674 780 1716 fidei
816 1673 1067 1716 catholicae
1102 1671 1397 1714 incremento.
2039 1683 2075 1710 20

456 1746 740 1803 Experiatur,
777 1759 957 1801 quaeso,
988 1744 1074 1786 hoc
1106 1757 1285 1785 mecum
1315 1742 1414 1784 Tua
1451 1740 1726 1784 Reverentia
1760 1744 1805 1783 et
1840 1738 1924 1782 nisi
1958 1753 2022 1788 ea,

326 1833 441 1875 quae
468 1817 663 1873 promisi,
689 1815 955 1872 praestitero
975 1831 982 1859 :
1015 1819 1115 1856 tum
1139 1813 1249 1856 mihi
1271 1813 1478 1868 imponat
1503 1812 1726 1854 mulctam
1748 1815 1792 1853 et
1816 1824 2022 1866 poenam,

327 1903 466 1945 quam
486 1887 691 1935 voluerit,
713 1901 852 1942 quam
871 1891 916 1928 et
934 1885 1128 1927 libenter
1146 1883 1390 1940 suscipiam
1409 1890 1454 1926 et
1474 1897 1704 1939 peragam.
1727 1882 1798 1924 Ex
1817 1896 1889 1924 me
1908 1881 2029 1924 enim

328 1959 426 2015 ipso
465 1958 612 2006 didici,
653 1958 817 2013 quibus
855 1956 1126 2005 afficiantur,
1168 1960 1212 1997 et
1236 1969 1262 1997 a
1285 1954 1452 2010 quibus
1489 1954 1766 1996 abhorreant
1805 1956 2031 1995 nostrates

328 2029 499 2085 Ungari
523 2035 567 2071 et
592 2028 819 2084 quomodo
844 2028 903 2070 ad
926 2027 1146 2083 pietatem
1170 2025 1434 2068 attrahendi
1458 2025 1548 2067 sint
1570 2039 1579 2075 ;
1605 2030 1650 2067 et
1685 2023 1788 2073 scio,
1810 2022 1917 2079 quia
1940 2037 2078 2065 non25

328 2100 607 2143 confundar:
649 2100 782 2142 modo
805 2099 851 2141 in
873 2113 938 2149 eo,
979 2097 1102 2154 quod
1130 2102 1250 2153 peto,
1290 2096 1502 2152 patiatur
1537 2097 1638 2138 Tua
1676 2093 1949 2137 Reverentia
1984 2107 2031 2136 se

330 2171 517 2214 exorari.
550 2172 652 2212 Non
686 2184 847 2226 queror
868 2170 922 2212 de
943 2169 1056 2217 cibo,
1093 2182 1184 2210 non
1205 2168 1261 2210 de
1282 2172 1411 2223 potu,
1435 2181 1527 2209 non
1547 2166 1604 2209 de
1624 2165 1906 2208 indumento.
1927 2165 2031 2207 Non

330 2242 449 2284 enim
477 2247 660 2297 propter
686 2242 795 2283 haec
822 2240 1026 2283 ordinem
1052 2244 1267 2281 sanctum
1293 2238 1475 2280 intravi.
1506 2239 1612 2280 Non
1636 2236 1743 2279 hine
1769 2235 1892 2279 abire
1918 2233 2031 2278 desi-

331 2313 449 2360 dero,
483 2317 668 2368 propter
700 2311 874 2367 aliquas
905 2310 1175 2352 simultates.
1213 2309 1345 2351 Absit
1378 2308 1502 2351 enim
1533 2323 1560 2351 a
1593 2322 1678 2356 me,
1713 2312 1765 2349 ut
1811 2306 1888 2362 qui
1934 2305 2030 2348 aliis

331 2382 599 2425 charitatem
642 2382 725 2425 Dei
767 2388 810 2424 et
853 2381 1048 2438 proximi
1089 2380 1299 2436 praedico
1345 2385 1390 2422 et
1427 2394 1586 2422 omnes
1628 2379 1687 2421 ad
1727 2376 2028 2426 concordiam,
2045 2392 2080 2420 30

333 2467 489 2508 pacem
521 2458 659 2509 atque
692 2453 915 2495 malorum
947 2451 1238 2494 tolerantiam
1270 2452 1498 2499 exhortor,
1532 2455 1584 2492 ut
1617 2449 1711 2505 ipse
1744 2462 1849 2491 cum
1881 2447 2032 2504 aliquo

333 2523 586 2565 simultates
608 2524 679 2566 vel
702 2523 806 2566 odia
838 2524 1045 2571 habeam,
1068 2527 1147 2564 aut
1178 2521 1382 2578 privatas
1414 2521 1601 2563 iniurias
1635 2519 1788 2562 ulcisci
1821 2517 2030 2574 cupiam:

335 2598 413 2634 aut
453 2593 636 2636 alicuius
672 2594 820 2636 famae
858 2599 902 2636 et
940 2593 1099 2636 honori
1136 2607 1216 2648 per
1253 2607 1324 2635 me
1363 2592 1611 2648 quicquam
1650 2592 1909 2633 detractum
1938 2602 2033 2631 esse

335 2662 470 2704 velim
522 2668 580 2715 et,
633 2664 717 2706 nisi
775 2680 829 2708 ex
893 2665 1170 2719 obligatione
1238 2669 1282 2707 et
1348 2663 1497 2705 officio
1555 2668 1743 2709 tenerer,
1798 2673 2033 2715 nunquam

338 2732 391 2774 de
433 2733 619 2776 aliorum
661 2735 791 2777 factis
832 2741 877 2777 et
912 2735 1048 2791 gestis
1072 2736 1130 2776 ad
1164 2735 1311 2776 Tuam
1349 2728 1462 2776 Rnam
1485 2733 1555 2775 vel
1577 2732 1636 2775 ad
1658 2730 1865 2787 quemvis
1895 2729 2034 2772 alium
2047 2745 2082 2772 35

339 2802 508 2857 aliquid
538 2804 758 2847 referrem.
808 2806 895 2848 Sed
926 2805 1033 2861 quia
1055 2804 1199 2854 video,
1240 2809 1425 2859 propter
1461 2803 1607 2845 dictas
1637 2815 1808 2851 causas,
1845 2814 2032 2856 evange-

340 2871 450 2913 lium
483 2873 564 2914 Dei
595 2874 665 2915 hic
698 2890 786 2918 non
819 2891 947 2931 posse
978 2876 1142 2918 habere
1174 2888 1460 2930 progressum
1493 2878 1538 2916 et
1571 2872 1663 2915 scio
1696 2886 1776 2927 pro
1808 2876 1930 2914 certo
1962 2884 2034 2913 me

340 2942 458 2990 alibi,
489 2942 643 2984 maiori
671 2946 751 2987 Dci
778 2947 957 2995 honore,
986 2944 1157 2988 meliori
1181 2944 1421 2987 Societatis
1446 2942 1789 2987 existimatione
1814 2947 1860 2984 et
1886 2941 2033 2997 copio-

339 3012 442 3053 siori
467 3012 674 3055 ccclesiae
700 3015 847 3058 fructu
873 3031 1001 3072 posse
1025 3016 1242 3063 laborare,
1262 3015 1322 3057 ob
1346 3014 1392 3057 id
1415 3014 1548 3070 cupio
1573 3014 1723 3057 locum
1748 3017 1952 3056 mutare:
1979 3025 2034 3054 ne

341 3082 550 3137 deinceps
585 3084 823 3139 quisquam
859 3087 970 3129 mihi
1005 3085 1196 3128 obiicere
1233 3085 1391 3140 possit,
1429 3085 1554 3141 quod
1588 3084 1687 3126 aliis
1722 3082 2084 3139 praedicamusm

343 3153 740 3196 mansuetudinem
763 3161 806 3197 et
832 3156 915 3211 ipsi
940 3157 986 3199 in
1009 3156 1216 3198 subditos
1235 3155 1435 3198 crudeles
1457 3169 1614 3198 sumus
1633 3168 1642 3204 ;
1670 3153 1780 3198 alios
1801 3154 2038 3196 hortamur
