2188 3535
117 177 210 218 1582
243 172 342 207 febr.
375 172 491 218 eleje]
879 173 957 208 No.
984 184 1030 219 72
1732 183 1804 217 217

108 290 230 335 narie
262 290 489 347 infigenda
520 290 739 333 altaribus
770 290 847 334 fax
863 291 936 334 vel
952 305 1104 334 cereus
1119 305 1323 347 magnus,
1340 290 1384 334 in
1401 290 1678 334 solemnibus
1692 304 1799 334 vero

107 361 232 405 festis
256 361 304 404 in
329 361 461 404 altari
487 376 656 417 magno
691 362 794 412 duo,
823 361 983 419 reliqui
1004 361 1117 405 cerei
1142 361 1189 404 in
1215 361 1348 405 altari
1373 361 1463 404 sint
1488 360 1681 412 honesti,
1713 361 1798 404 sal-

105 438 199 475 tem
214 432 472 482 mediocres,
489 431 536 474 in
558 431 685 475 festis
707 432 982 476 solemnibus
1004 438 1213 490 quatuor,
1238 433 1348 476 dum
1369 437 1583 476 cantatur
1602 446 1794 476 sacrum.

237 516 305 547 21.
339 503 552 546 Solvatur
589 503 787 559 pretium
819 503 891 546 vel
930 503 1093 547 saltem
1117 503 1238 560 ligna
1260 508 1305 546 et
1327 503 1519 560 smigma
1539 503 1796 552 lobricibus,

62 590 78 617 5
106 573 303 618 maxime
323 588 474 617 rerum
490 588 734 625 sacrarum,
751 579 804 616 ut
821 574 1037 617 libentius
1058 579 1103 618 et
1125 574 1303 631 saepius
1324 574 1372 617 id
1392 574 1528 618 officii
1548 579 1796 631 praestent,

106 649 151 688 et
185 649 426 689 mutentur
460 659 593 701 saepe
627 644 952 700 purificatoria.

236 728 304 759 22.
339 717 449 758 Fere
477 715 630 758 omnia
657 716 829 772 templa
858 721 1118 759 nostrorum
1145 730 1365 773 pagorum
1391 715 1594 772 indigent
1621 730 1799 772 repara-

105 785 241 836 tione,
280 786 546 844 praesertim
581 787 628 829 in
664 787 872 837 Tiburez,
914 786 1118 842 Kajanto
1156 792 1200 830 et
1238 787 1521 844 Bogartelke,
1554 787 1655 830 ideo
1686 786 1800 830 serio

105 857 377 901 adhibeatur
417 857 609 907 animus,
653 863 705 900 ut
748 863 1030 914 reparentur,
1075 858 1134 901 ad
1175 858 1300 915 quod
1340 872 1454 914 opus
1495 857 1799 915 applicabitur

61 943 94 970 10
105 933 270 984 quarta
293 943 398 985 pars
422 928 714 978 decimarum,
741 943 860 986 quae
884 929 996 972 alias
1020 930 1260 972 deberetur
1282 929 1492 985 parocho,
1519 928 1556 971 si
1581 930 1635 972 R.
1662 930 1711 971 P.
1739 929 1795 971 N.

104 999 334 1043 Generalis
363 1000 418 1042 de
439 1000 524 1042 hoc
557 1000 655 1056 ipso
689 1000 893 1042 monitus
924 1000 991 1043 ita
1025 999 1325 1042 constituerit.
1382 999 1611 1055 Imprimis
1644 1004 1799 1042 autem

103 1075 370 1127 reparentur
399 1075 535 1120 tecta,
570 1073 616 1115 2⁰
644 1070 819 1120 altaria,
852 1073 901 1125 3⁰
931 1070 1048 1113 muri
1078 1070 1125 1113 in
1157 1070 1431 1127 quibusdam
1465 1070 1684 1126 partibus,
1720 1069 1800 1112 ubi

104 1141 370 1185 minuantur
402 1141 595 1191 ruinam,
634 1146 731 1184 tam
752 1141 889 1191 intus,
914 1156 1054 1198 quam
1075 1141 1197 1190 foris,
1230 1143 1278 1196 4⁰
1311 1140 1553 1190 sacristiae,
1597 1142 1644 1195 5⁰
1673 1140 1799 1196 pavi-

104 1217 272 1255 menta.
310 1211 516 1269 Denique
550 1217 826 1255 renoventur
858 1212 1089 1268 imagines,
1126 1212 1204 1254 ubi
1244 1212 1472 1254 habentur
1512 1215 1557 1254 et
1594 1211 1673 1253 ubi
1708 1225 1800 1254 non

58 1297 92 1324 15
105 1282 285 1333 fuerint,
303 1283 398 1326 fieri
414 1288 639 1326 curentur.
659 1283 873 1326 Similiter
888 1283 978 1325 sint
994 1283 1040 1325 in
1053 1282 1237 1338 singulis
1251 1281 1444 1325 ecclesiis
1457 1296 1538 1324 sua
1551 1282 1800 1325 necessaria

104 1358 374 1397 ornamenta
400 1368 482 1410 pro
512 1354 732 1396 altaribus
759 1358 804 1396 et
833 1354 893 1396 ad
920 1353 1210 1396 celebrandas
1238 1353 1410 1403 missas,
1441 1353 1501 1395 ad
1530 1353 1615 1395 hoc
1648 1352 1798 1409 ipsum

103 1424 294 1468 animari
316 1424 456 1467 etiam
477 1428 692 1481 poterunt
714 1424 852 1467 iidem
874 1424 1058 1474 incolae,
1096 1429 1147 1466 ut
1172 1425 1226 1467 de
1248 1438 1329 1466 suo
1362 1423 1533 1481 aliquid
1552 1427 1797 1480 exponant,

233 1496 307 1538 Ad
326 1507 394 1538 22.
418 1496 523 1538 Non
542 1499 733 1551 possunt
754 1495 898 1537 nostri
919 1495 1145 1551 percipere
1165 1495 1362 1538 decimas
1395 1494 1580 1551 parochi
1607 1494 1796 1537 debitas.

101 1566 233 1610 Unde
279 1565 499 1623 quamdiu
540 1580 631 1608 non
672 1566 902 1608 invenitur
942 1567 1165 1622 parochus
1206 1565 1467 1616 catholicus,
1512 1570 1800 1622 exponantur

54 1636 202 1679 zoillae
226 1637 273 1679 in
298 1636 678 1680 instaurationem
708 1636 910 1692 ipsarum
936 1638 1225 1680 ecclesiarum
1257 1641 1316 1687 et,
1351 1636 1387 1679 si
1419 1636 1529 1693 quid
1563 1638 1798 1692 supererit,

101 1708 240 1751 etiam
272 1707 320 1751 in
358 1708 708 1751 subventionem
743 1710 1032 1764 pauperum.1

232 1791 300 1833 23.
335 1778 578 1835 Sepultura
602 1793 694 1821 non
720 1779 853 1821 detur
878 1778 925 1822 in
964 1779 1136 1835 templo
1175 1783 1495 1835 praeterquam
1520 1777 1603 1828 his,
1632 1777 1796 1835 quibus

100 1849 192 1893 iam
220 1864 431 1893 concessa
459 1854 527 1892 est
557 1854 602 1892 et
632 1849 816 1893 domino
846 1849 1042 1893 Martino
1072 1855 1118 1893 et
1148 1849 1380 1899 arculario‚
1425 1849 1503 1907 qui
1535 1850 1647 1892 adeo
1676 1848 1792 1891 iuvit

101 1920 359 1972 catholicos,
377 1935 482 1963 cum
497 1920 646 1963 nullus
661 1921 838 1964 adesset
852 1921 1059 1964 sacerdos
1074 1926 1119 1964 et
1135 1921 1172 1963 si
1187 1921 1288 1977 quis
1308 1921 1367 1964 sit
1384 1921 1516 1963 valde
1538 1920 1726 1963 intimus
1749 1925 1794 1962 et

54 2005 89 2033 25
99 1991 625 2035 beneme1itus.Caeteris
640 1991 688 2034 in
703 1991 986 2041 coemeterio,
1002 1992 1143 2035 donec
1161 2006 1188 2035 a
1203 2006 1304 2048 rege
1319 1991 1432 2034 alius
1447 1991 1571 2034 locus
1587 1991 1797 2047 impetre-

111 2067 200 2112 tur,
220 2063 279 2106 ob
295 2062 343 2105 id
359 2076 515 2105 murus
532 2062 758 2104 cemeterii
775 2067 1022 2119 reparetur,
1042 2062 1262 2120 appositis
1279 2062 1429 2105 merlis
1446 2062 1518 2105 vel
1535 2061 1622 2105 alio
1641 2062 1797 2104 decen-

106 2133 210 2176 tiori
233 2134 369 2177 modo
395 2138 440 2176 et
465 2138 604 2176 noctu
628 2133 879 2176 claudatur.
1545 2183 1548 2185 ,

233 2217 301 2260 24.
335 2204 541 2260 Lapides,
577 2203 654 2260 qui
686 2208 793 2246 sunt
825 2204 872 2246 in
902 2204 1089 2260 templo,
1124 2208 1404 2260 reponantur
1434 2217 1462 2246 a
1492 2203 1656 2246 dextra
1688 2207 1733 2244 et
1767 2217 1793 2244 a

101 2275 282 2318 sinistra
309 2276 368 2319 ad
395 2289 610 2331 magnam
637 2279 819 2330 portam
846 2275 1019 2331 templi,
1050 2274 1201 2330 aliquo
1230 2275 1349 2317 bono
1377 2273 1545 2322 ordine,
1576 2287 1632 2315 ne
1662 2286 1791 2315 occu-

52 2360 88 2387 30
100 2350 209 2402 pent
243 2346 504 2389 indecenter
537 2350 581 2388 et
617 2344 733 2388 forte
767 2345 1012 2388 inservient
1048 2346 1107 2388 ad
1141 2344 1402 2387 sedendum.

786 2465 875 2507 Pro
907 2465 1096 2519 collegio.

233 2559 269 2590 1.
305 2546 552 2590 Claudatur
603 2545 838 2601 collegium
889 2545 1191 2600 undequaque
1243 2558 1383 2600 quam
1434 2542 1786 2599 diligentissime,

98 2623 150 2659 ut
180 2617 291 2660 nulli
320 2622 477 2673 pateat
507 2617 730 2672 ingressus
760 2617 835 2658 vel
866 2629 1082 2670 egressus,
1115 2614 1199 2657 nisi
1229 2628 1308 2671 per
1337 2614 1518 2657 ostium.

229 2701 275 2731 2.
306 2688 562 2731 Saeculares
601 2702 694 2729 non
733 2686 1061 2743 permittantur
1100 2685 1255 2741 vagari
1295 2699 1375 2742 per
1414 2684 1664 2741 collegium,
1709 2698 1789 2727 nec

52 2758 234 2802 sslibere
269 2759 391 2802 adire
426 2758 632 2801 cubicula
666 2762 939 2800 nostrorum.

229 2842 268 2884 3.
303 2831 406 2873 Non
441 2834 661 2886 cogantur
697 2827 839 2870 nostri
877 2826 1031 2869 rustici
1064 2826 1213 2869 hieme
1246 2826 1431 2883 singulis
1465 2826 1624 2869 diebus
1658 2826 1789 2868 iuxta

101 2899 301 2943 fornaces
327 2900 636 2943 cubiculorum
662 2898 872 2955 occupari
898 2897 1092 2940 ferendis
1116 2897 1246 2953 lignis
1271 2902 1373 2947 etc.‚
1391 2898 1514 2954 quod
1539 2901 1584 2939 et
1609 2896 1696 2939 illis
1721 2900 1789 2938 est

99 2984 234 3025 grave
265 2976 311 3013 et
344 2970 543 3027 religioni
575 2970 725 3014 minus
747 2969 1030 3017 conveniens,
1065 2968 1144 3011 sed
1174 2967 1286 3011 satis
1317 2968 1405 3011 erit
1436 2968 1574 3011 semel
1606 2971 1686 3009 aut
1719 2966 1788 3008 bis

100 3039 147 3082 in
179 3055 330 3084 mense
364 3041 572 3084 scindant
605 3046 650 3084 et
682 3045 904 3097 reponant
939 3039 985 3081 in
1018 3039 1129 3088 loco,
1165 3053 1256 3082 non
1288 3039 1420 3095 longe
1454 3053 1481 3081 a
1514 3037 1784 3086 fornacibus,

53 3149 88 3175 40
234 3141 247 3162 ¹
272 3141 351 3176 Ezt
376 3153 400 3176 a
421 3145 569 3188 pontot
593 3143 693 3183 mas,
723 3142 898 3188 egykoru
928 3141 1000 3175 kez
1028 3141 1108 3175 irta
1135 3139 1274 3174 utana.
