2188 3535
156 240 250 277 1577
282 228 389 262 decz.
426 229 463 271 8]
925 225 1000 259 No.
1039 235 1085 271 19
1799 222 1843 256 61

151 346 347 392 Devotio
362 346 462 388 Tua
476 349 521 387 et
538 343 645 386 socii
661 343 768 392 eius,
796 357 909 398 quos
930 342 1015 385 sibi
1031 342 1285 391 adsciverit,
1305 341 1365 384 ad
1379 354 1460 383 nos
1476 339 1629 381 venire
1645 338 1836 394 possint.

153 419 276 461 Bene
305 417 454 458 valere
483 414 786 457 Devotionem
815 414 963 456 Tuam
992 413 1212 469 cupimus.

267 488 442 530 Datum
474 500 529 528 ex
562 484 720 527 castris
754 484 813 526 ad
844 484 1095 533 Gedanum,
1132 484 1202 526 die
1235 496 1303 538 24.
1339 481 1504 525 mensis
1528 480 1666 536 Junii.
1703 481 1840 522 Anno

154 557 340 602 Domini
372 568 496 611 1577.
531 555 676 610 Regni
706 554 850 597 nostri
880 568 999 597 anno
1030 555 1240 597 secundo.

101 643 122 670 5
270 628 528 683 Stephanus
558 627 671 669 Rex.

281 719 493 759 Kulczime
511 730 523 755 .·
576 717 816 756 Venerabili
845 717 1061 768 Stephano
1084 717 1256 756 Aratori
1285 717 1327 755 in
1356 714 1529 755 ecclesia
1560 714 1705 754 Sancti
1737 712 1853 752 Petri

155 781 318 819 Romae
347 776 674 830 poenitentiario
706 776 874 827 linguae
906 775 1187 827 Hungaricae,
1219 776 1374 815 devote
1403 775 1524 814 nobis
1552 773 1722 813 dilecto.

190 870 396 916 (Egykoru
420 869 605 909 masolat‚
629 868 758 903 romai
779 868 964 903 vatikani
986 867 1189 913 konyvtar
1212 867 1305 902 Vat.
1329 867 1400 901 lat.
1426 866 1537 910 6205.
1564 866 1649 900 kot.
1677 874 1738 908 90.
1767 864 1810 906 1.)

969 986 1040 1029 19.

106 1098 143 1125 10
687 1085 839 1132 Roma,
874 1094 988 1137 1577
1018 1082 1252 1124 deczember
1281 1082 1322 1123 8.

460 1187 506 1226 P.
538 1186 695 1226 Szantc')
726 1186 877 1225 Istvan
907 1186 1100 1236 Bathory
1130 1184 1281 1224 Istvan
1309 1182 1547 1233 kiralynak.

290 1281 326 1319 V
328 1281 450 1319 dlasz.
481 1280 678 1325 Koszdni,
707 1280 810 1330 hogy
839 1280 907 1318 red
935 1280 975 1318 ές
1003 1277 1278 1318 rendta‘rsaira
1308 1275 1518 1328 gondolva,
1549 1273 1634 1313 &ket
1663 1273 1857 1323 Erdcilybe

155 1339 280 1391 hivja.
316 1339 586 1391 Kiva'losciga't
618 1339 666 1377 itt
698 1338 735 1377 is
768 1338 981 1377 mindenki
1013 1337 1174 1382 diesen,
1208 1349 1232 1374 cz
1264 1335 1477 1375 ne‘meteket
1511 1333 1658 1378 stivave,
1693 1346 1717 1370 a
1750 1333 1857 1371 kiket

156 1399 285 1438 sikere
311 1399 350 1437 ἑε
372 1397 725 1449 selmagasztala'sa
766 1396 960 1435 bosszant.
987 1397 1049 1435 De
1074 1396 1173 1442 kari,
1199 1395 1339 1446 legyen
1365 1392 1526 1444 szigorzi
1551 1405 1597 1431 az
1621 1391 1857 1430 udvara‘ban

107 1469 144 1499 15
157 1457 217 1496 ἑίὄ
240 1458 442 1496 eratnekek
467 1457 578 1496 irdnt
601 1469 621 1495 s
646 1469 696 1495 ne
722 1456 899 1507 engedje,
941 1456 1044 1506 hogy
1070 1468 1094 1493 a
1120 1454 1349 1493 katholikus
1375 1450 1716 1491 szertarta'sokban
1742 1451 1856 1489 reiszt-

158 1516 366 1568 vegyenek.
400 1516 436 1554 A
472 1515 616 1554 krak6i
647 1514 933 1553 akade'mia‘r6Z.
967 1515 1002 1553 Α
1038 1512 1250 1553 Εόηιάόαη
1280 1512 1427 1562 saltant
1459 1509 1693 1549 usfflkdsrb'l.

274 1614 373 1656 Pax
405 1613 582 1655 Christi.

274 1684 366 1727 Diu
400 1684 689 1739 multumque
738 1682 1019 1725 desideratae
1055 1686 1101 1724 et
1132 1684 1401 1737 expectatae
1431 1673 1517 1722 Mtis
1546 1679 1670 1720 Tuae
1704 1676 1860 1718 literae

162 1753 379 1811 vigesima
413 1754 601 1797 tandem
634 1760 766 1797 sexta
801 1753 1011 1796 Octobris
1046 1752 1250 1794 redditae
1280 1750 1393 1793 mihi
1439 1750 1636 1797 fuerunt,
1675 1762 1730 1790 ex
1765 1747 1861 1803 qui-

111 1826 248 1868 20bus
268 1830 424 1868 tantas
445 1825 673 1868 hauserim
694 1825 970 1880 voluptates,
1008 1838 1089 1865 nec
1111 1822 1315 1865 oratione
1338 1820 1468 1863 facile
1490 1818 1743 1875 complecti,
1781 1832 1862 1860 nec

164 1896 316 1939 animo
332 1896 443 1938 satis
458 1895 850 1952 comprehendere,
868 1909 950 1937 nec
966 1894 1115 1937 verbis
1131 1894 1263 1949 digne
1279 1892 1503 1948 explicare
1518 1904 1716 1946 possum.
1744 1888 1864 1944 Quid

165 1967 285 2010 enim
317 1967 428 2010 mihi
458 1967 698 2010 iucundius
728 1966 880 2022 potuit
911 1964 1129 2015 nunciari,
1167 1979 1307 2021 quam
1328 1962 1435 2006 Mtem
1455 1963 1615 2012 Tuam,
1650 1975 1705 2002 ex
1737 1959 1863 2002 cuius

165 2052 379 2094 prospera
419 2038 682 2081 valetudine
723 2037 1008 2080 conservatio
1050 2041 1096 2078 et
1136 2033 1493 2091 Transylvaniae
1529 2032 1649 2074 salus
1679 2030 1860 2086 pendet,

165 2109 340 2151 salvam
361 2114 407 2151 et
427 2109 701 2151 incolumem
715 2107 1065 2164 prudentissime
1087 2112 1132 2149 et
1151 2119 1318 2161 magna
1332 2104 1537 2147 omnium
1554 2100 1863 2144 satisfactione

114 2179 289 2235 25regni
333 2180 546 2223 Poloniae
605 2180 806 2222 habenas
847 2178 1102 2221 moderari?
1160 2176 1281 2233 Quid
1324 2174 1509 2231 gratius,
1557 2186 1696 2228 quam
1739 2172 1864 2213 Tuae

165 2245 249 2293 Mtis
281 2251 534 2307 praeclaras
566 2250 705 2293 animi
738 2250 868 2292 dotes
893 2255 938 2291 et
960 2249 1155 2292 virtutes
1179 2246 1348 2303 passim
1373 2246 1431 2288 ab
1455 2243 1665 2286 omnibus
1689 2241 1865 2297 praedi-

166 2320 286 2364 cari?
320 2321 442 2377 Quid
463 2321 647 2364 demum
669 2320 912 2376 acceptius,
931 2325 1012 2362 aut
1029 2317 1368 2361 desiderabilius
1384 2314 1642 2369 contingere
1661 2325 1865 2367 unquam

167 2391 278 2434 mihi
320 2392 557 2448 potuisset,
605 2406 745 2447 quam
786 2391 984 2433 salutare
1021 2389 1135 2431 illud
1171 2387 1404 2443 negotium
1441 2382 1863 2439 Transylvanicum,

171 2462 311 2518 (quod
348 2468 560 2518 precatus
599 2476 776 2518 semper
814 2476 842 2504 a
880 2463 976 2504 Deo
1017 2460 1204 2516 Optimo
1244 2456 1443 2501 Maximo
1480 2455 1655 2497 fueram
1685 2458 1732 2495 et
1761 2467 1866 2495 cum

117 2531 244 2576 30Mte
279 2534 378 2576 Tua
413 2533 569 2576 multis
617 2532 747 2575 annis
788 2546 867 2587 per
902 2531 1050 2573 varias
1089 2530 1242 2571 literas
1273 2527 1510 2583 diligenter
1539 2527 1865 2577 tractaveram)

169 2603 260 2646 iam
282 2604 366 2647 Dei
392 2604 675 2660 benignitate
702 2608 746 2645 et
775 2597 859 2645 Mtis
894 2603 1018 2644 Tuae
1058 2599 1301 2656 prudentia
1332 2597 1507 2640 felicem
1535 2596 1710 2638 exitum
1737 2594 1867 2637 sorti-

170 2679 270 2717 tum
296 2689 390 2717 esse
417 2680 463 2717 et
490 2690 541 2717 eo
573 2674 844 2730 perductum
884 2672 1084 2720 tandem,
1130 2676 1182 2712 ut
1208 2670 1255 2712 in
1280 2669 1414 2712 unius
1440 2668 1586 2710 solum
1625 2660 1710 2709 Mtis
1744 2666 1868 2708 Tuae

170 2745 306 2801 legati
339 2746 542 2788 adventu
575 2744 816 2788 consistere
852 2743 1074 2786 videatur.
1118 2740 1424 2797 Quamobrem
1457 2737 1638 2781 divinae
1671 2735 1869 2779 bonitati

171 2820 216 2857 et
249 2815 287 2858 si
318 2816 410 2859 iam
443 2816 722 2859 immortales
754 2815 823 2871 egi
849 2813 1031 2870 gratias,
1068 2826 1188 2854 nunc
1222 2816 1377 2853 tamen
1410 2810 1575 2852 iterum
1608 2821 1752 2850 novas
1785 2820 1868 2861 ago

121 2890 216 2928 ³5et
242 2887 402 2937 habeo,
430 2888 712 2943 habeboque,
747 2885 900 2942 quoad
925 2884 1080 2927 vixero
1107 2882 1344 2931 maximas,
1373 2879 1498 2937 quod
1524 2878 1871 2922 afflictissimam

171 2957 548 3013 Transylvaniam
598 2957 667 3000 his
725 2954 1096 3012 deploratissimis
1143 2952 1437 3009 temporibus,
1485 2965 1589 2993 cum
1634 2949 1725 2991 iam
1770 2952 1872 2989 tota

174 3027 266 3069 eius
301 3028 422 3070 salus
457 3029 696 3084 desperata
731 3032 861 3076 esset,
899 3025 1090 3081 benigne
1125 3023 1381 3067 visitaverit
1417 3027 1462 3065 et
1499 3019 1754 3064 admirabili
1790 3032 1872 3060 sua

174 3098 460 3152 providentia
497 3099 772 3142 catholicum
810 3098 857 3139 in
894 3111 947 3139 ea
984 3095 1233 3152 principem
1271 3093 1554 3142 excitaverit,
1607 3090 1685 3146 qui
1723 3093 1873 3131 errata

173 3169 482 3223 praecedentis
532 3170 760 3226 sapienter
805 3167 1044 3223 corrigeret
1089 3171 1135 3208 et
1169 3179 1276 3208 oves
1312 3164 1522 3207 seductas
1559 3161 1618 3204 ad
1652 3159 1873 3216 gremium
