2188 3535
172 174 271 218 1580
299 171 380 216 jan.
416 172 482 217 27]
938 171 1012 205 No.
1050 182 1098 217 30
1809 176 1857 218 89

167 289 373 344 Hungari
394 288 570 338 novitii,
587 303 732 344 nuper
745 304 773 332 a
789 291 842 332 R.
862 290 909 332 P.
929 289 1200 332 Provinciali
1221 289 1407 331 admissi
1429 289 1489 331 ad
1509 289 1825 345 probationem
1844 305 1852 341 ;

166 373 359 414 quorum
398 373 504 401 sane
542 373 679 414 opera
717 364 785 402 est
823 360 953 401 nobis
997 360 1043 401 in
1085 359 1205 401 hisce
1241 359 1381 401 initiis
1418 359 1551 403 valde
1590 361 1852 404 necessaria.

166 430 214 471 P.
247 429 504 472 Ludovicus
539 429 810 472 Odescalcus
841 434 909 472 est
944 429 1202 472 admonitor
1231 435 1276 472 et
1310 430 1540 472 consultor
1572 431 1683 472 mihi
1719 431 1857 486 assig-

164 504 300 542 natus
344 514 371 541 a
420 501 468 542 P.
511 500 795 550 Provinciali,
837 501 885 542 P.
927 501 1123 542 Lelesius
1157 501 1270 542 alter
1303 501 1544 543 consultor.
1580 502 1749 544 Verum
1782 502 1854 544 hic

117 580 134 607 5
165 584 266 612 raro
301 575 368 613 est
403 571 652 613 nobiscum.
688 573 771 613 Est
810 571 929 613 enim
971 586 1074 613 cum
1112 572 1312 627 principe
1349 572 1492 614 Albae
1529 572 1691 626 Juliae,
1731 573 1855 628 apud

164 655 299 696 quem
335 641 476 683 habet
516 641 765 684 conciones.
814 643 929 684 Sunt
965 642 1125 684 deinde
1160 643 1322 684 fratres
1354 643 1610 685 scholastici
1641 647 1852 699 quatuor,

164 725 358 767 quorum
380 713 471 754 duo
492 713 539 754 in
568 713 730 754 scholis
754 717 1048 768 occupantur,
1077 713 1350 768 reliquorum
1378 713 1492 755 alter
1525 728 1680 756 curam
1715 715 1854 756 habet

163 782 299 824 cellae
339 783 540 825 vinariae
582 787 628 824 et
671 783 895 839 penariae‚
940 783 1081 826 donec
1124 784 1254 826 nobis
1297 784 1352 825 de
1395 784 1481 826 alio
1526 784 1664 826 fratre
1704 785 1855 840 provi-

164 853 353 902 deatur;
398 854 513 896 alter
546 858 615 895 est
652 855 939 896 sacristanus.
967 854 1259 897 Coadiutores
1300 859 1407 896 sunt
1448 859 1669 910 quatuor:
1706 869 1853 905 cocus,

117 933 151 960 10
165 923 501 974 credentiarius‚
529 929 720 980 emptor,
745 925 823 981 qui
851 925 989 967 etiam
1018 925 1161 980 pistor
1192 930 1236 967 et
1269 930 1427 967 sartor.
1453 925 1639 967 Scholae
1671 931 1855 981 apertae

163 999 269 1035 sunt
312 1007 377 1038 Π.
419 995 640 1049 Januarii‚
688 996 869 1051 iamque
910 1000 1016 1037 sunt
1055 996 1101 1037 in
1144 995 1352 1037 inferiore
1386 995 1539 1037 schola
1573 996 1760 1051 triginta
1808 1001 1853 1038 et
1869 1007 1934 1039 Jan-
1957 1014 2002 1033 11,

162 1065 369 1121 amplius,
407 1066 453 1107 in
488 1066 714 1121 superiore
749 1066 979 1122 quinque;
1028 1071 1073 1108 et
1120 1066 1166 1107 in
1210 1066 1303 1108 dies
1353 1066 1502 1121 plures
1539 1071 1851 1121 expectantur.

162 1136 368 1179 Audiunt
392 1151 570 1179 sacrum
587 1137 791 1192 quotidie
808 1137 897 1179 fere
919 1150 1086 1179 omnes.
1108 1137 1228 1178 Nam
1245 1136 1356 1177 nulli
1377 1140 1613 1190 coguntur,
1638 1150 1741 1178 cum
1763 1137 1853 1178 sint

161 1206 208 1247 in
241 1207 415 1249 haeresi
449 1207 547 1249 nati
581 1212 626 1249 et
661 1207 856 1256 educati,
894 1207 973 1249 sed
1007 1207 1208 1249 suaviter
1229 1206 1501 1248 alliciuntur.
1527 1205 1575 1249 P.
1596 1206 1853 1249 Ludovicus

115 1286 149 1313 15
161 1277 268 1332 legit
295 1277 357 1319 eis
384 1278 565 1320 interim
593 1278 706 1320 duas
732 1278 936 1334 quotidie
962 1277 1188 1319 lectiones.
1220 1278 1371 1320 Unam
1399 1276 1634 1326 Ciceronis,
1663 1277 1853 1319 alteram

160 1347 207 1388 in
241 1348 436 1398 Graecis,
476 1349 591 1390 alter
627 1353 973 1404 praeceptorum
1010 1348 1227 1404 syntaxin
1264 1352 1310 1389 et
1346 1346 1596 1402 Virgilium.
1638 1347 1852 1389 Discessit

160 1418 265 1460 hinc
290 1420 344 1461 R.
372 1420 419 1461 P.
442 1419 735 1461 Provincialis
759 1431 881 1473 7-ma
905 1418 1112 1472 Januarii
1135 1419 1281 1460 bonae
1304 1418 1398 1473 spei
1422 1418 1593 1473 plenus.
1621 1419 1739 1460 Nam
1763 1418 1853 1460 fere
1867 1430 1931 1462 Jan-
1953 1436 1980 1461 7·

160 1489 442 1531 concluserat
479 1503 583 1531 cum
622 1489 725 1531 mmo
748 1489 949 1544 principe
978 1489 1032 1530 de
1057 1489 1372 1531 aedificatione
1396 1488 1651 1530 scholarum
1676 1488 1722 1530 in
1747 1489 1861 1531 civi-

160 1551 271 1608 tate,
293 1559 424 1601 iuxta
445 1559 678 1615 quoddam
698 1560 1023 1601 monasterium
1053 1560 1218 1602 nostris
1239 1559 1520 1614 assignatum
1549 1563 1594 1601 et
1615 1559 1670 1601 de
1691 1573 1855 1614 augen-

113 1640 149 1667 20
161 1629 229 1671 dis
264 1629 407 1672 futuri
441 1630 614 1685 collegii
648 1630 931 1680 redditibus;
969 1630 1185 1685 quoniam
1220 1630 1309 1679 isti,
1346 1630 1425 1685 qui
1458 1629 1550 1672 iam
1584 1634 1690 1671 sunt
1726 1630 1855 1672 nobis

161 1699 390 1751 attributi,
427 1715 484 1743 ne
519 1715 601 1756 pro
637 1701 825 1743 minimo
862 1701 1046 1756 quidem
1089 1700 1273 1756 collegio
1323 1701 1527 1742 sufficere
1576 1700 1850 1743 viderentur.

162 1771 223 1812 Et
243 1771 290 1813 in
309 1771 406 1827 ipso
427 1771 711 1828 Epiphaniae
732 1772 804 1814 die
824 1771 987 1814 missus
1007 1776 1104 1813 erat
1132 1772 1191 1813 ab
1221 1772 1325 1814 Illmo
1344 1771 1545 1827 principe
1564 1772 1852 1822 architectus,
1869 1782 1933 1814 Jan.
1957 1784 1984 1808 ευ

161 1842 239 1897 qui
263 1842 518 1885 aedificium
549 1843 805 1884 scholarum
829 1842 1078 1884 metiretur.
1105 1843 1274 1884 Verum
1299 1842 1457 1884 statim
1481 1846 1584 1897 post
1610 1842 1854 1884 discessum

161 1912 303 1968 patris
329 1913 618 1968 provincialis
645 1913 768 1955 facta
794 1917 862 1955 est
889 1912 1107 1955 mirabilis
1133 1927 1282 1954 rerum
1309 1913 1512 1955 omnium
1539 1913 1851 1954 commutatio.

114 1983 280 2025 25Nam
303 1984 524 2039 princeps,
551 1998 655 2026 cum
679 1998 734 2026 ex
758 1983 899 2026 literis
922 1983 1089 2026 nostris
1112 1983 1407 2026 intellexisset
1423 1983 1482 2034 id,
1504 1983 1628 2039 quod
1651 1984 1851 2039 petebat,

160 2058 335 2109 quanta
363 2054 555 2110 pecunia
583 2054 705 2097 ultra
733 2059 984 2110 proventus
1013 2054 1227 2096 abbatiae
1257 2054 1316 2096 ad
1344 2054 1696 2096 sustentandum
1725 2054 1853 2096 colle-

159 2125 283 2179 gium
305 2138 360 2179 30
375 2140 669 2182 personarum
691 2125 993 2181 requireretur
1015 2130 1060 2167 et
1083 2140 1164 2167 nos
1186 2139 1267 2181 pro
1289 2139 1381 2166 una
1402 2138 1593 2180 persona
1614 2124 1660 2165 in
1682 2138 1853 2166 annum

160 2201 528 2252 computaremus
550 2197 742 2239 florenos
768 2209 850 2238 100
877 2196 1067 2251 (ratione
1090 2196 1249 2238 habita
1272 2195 1557 2243 viaticorum,
1582 2209 1851 2250 pannorum,

159 2266 390 2317 librorum,
415 2267 494 2323 qui
515 2267 588 2309 hic
612 2271 718 2308 sunt
742 2267 959 2309 carissimi
987 2271 1031 2309 et
1058 2271 1283 2309 sartorum
1310 2266 1553 2320 tectorum)
1574 2269 1618 2307 et
1640 2265 1854 2307 abbatiae

113 2347 148 2374 30
160 2342 422 2392 proventus,
446 2342 672 2393 quantum
694 2337 911 2380 coniicere
932 2337 1073 2386 licuit,
1097 2337 1157 2379 ad
1179 2349 1290 2379 1000
1312 2336 1487 2378 circiter
1507 2335 1698 2377 florenos
1719 2335 1853 2377 aesti-

160 2422 422 2458 massemus,
452 2409 537 2450 hoc
566 2408 705 2463 igitur
733 2422 837 2449 cum
866 2408 1073 2463 princeps
1102 2406 1396 2449 intellexisset
1425 2410 1470 2448 et
1499 2406 1682 2461 insuper
1709 2405 1852 2448 archi-

160 2482 308 2521 tectus
335 2479 421 2534 ipsi
449 2479 697 2521 affirmaret
726 2478 1053 2520 monasterium
1080 2477 1201 2519 refici
1228 2481 1274 2519 et
1301 2476 1476 2518 scholas
1503 2476 1666 2526 extrui,
1696 2476 1854 2532 quales

159 2562 241 2591 nos
275 2550 506 2599 vellemus,
543 2550 657 2592 8000
690 2548 870 2591 florenis
904 2548 982 2591 vix
1016 2562 1160 2604 posse,
1211 2547 1418 2603 princeps
1452 2552 1608 2589 autem
1641 2560 1733 2589 non
1767 2546 1854 2588 nisi

162 2631 274 2673 3000
296 2620 356 2663 ad
378 2620 633 2662 aedificium
657 2619 912 2661 scholarum
935 2618 1206 2661 destinasset
1227 2632 1237 2669 ;
1261 2618 1366 2660 inde
1389 2618 1586 2660 offensus
1608 2617 1696 2659 fuit
1719 2617 1852 2659 vehe-

116 2695 349 2741 35menter,
372 2705 454 2734 nec
474 2691 566 2733 iam
588 2691 636 2733 P.
661 2689 884 2732 Lelesium
905 2689 965 2731 ad
985 2703 1030 2731 se
1051 2688 1330 2731 admittebat
1351 2693 1396 2730 et
1417 2702 1496 2744 per
1517 2688 1856 2731 cancellarium²

163 2761 314 2803 referri
347 2761 406 2804 ad
438 2776 543 2804 eum
588 2761 791 2810 iubebat,
839 2774 1026 2816 regnum
1058 2760 1143 2801 hoc
1176 2773 1322 2815 neque
1356 2772 1412 2813 30
1443 2763 1703 2802 nostrorum
1736 2758 1853 2800 alere

163 2845 304 2886 posse,
334 2832 584 2888 principem
611 2846 703 2874 non
729 2831 941 2873 habuisse
968 2830 1015 2872 in
1038 2830 1205 2880 animo,
1227 2844 1309 2872 nec
1332 2844 1507 2885 cupere,
1536 2834 1589 2871 ut
1617 2829 1852 2884 collegium

162 2901 253 2944 ulla
276 2903 452 2945 ratione
476 2903 560 2945 hoc
586 2907 790 2958 tempore
814 2901 1096 2950 instituatur,
1124 2900 1202 2942 sed
1226 2900 1366 2956 aliqui
1391 2900 1553 2943 saltem
1578 2914 1601 2942 e
1627 2899 1854 2942 Societate

162 2971 266 3021 sint,
299 2973 377 3028 qui
407 2973 615 3022 doceant,
647 2973 972 3015 concionentur
1001 2976 1084 3013 etc.
1110 2970 1322 3013 Addebat
1354 2972 1402 3014 P.
1428 2971 1640 3019 Lelesius,
1671 2970 1718 3011 in
1748 2969 1852 3011 aula

116 3041 253 3083 40iam
280 3043 416 3098 vulgo
443 3043 616 3093 iactari,
645 3057 728 3086 nos
755 3047 968 3085 naturam
996 3042 1321 3084 monachorum
1349 3041 1577 3091 excedere,
1606 3040 1723 3082 idest
1751 3039 1855 3094 plus

291 3142 305 3163 2
334 3143 593 3189 Kovacsoczy
621 3144 772 3178 Farkas
801 3143 950 3188 erdelyi
978 3141 1212 3176 kanezellar.
