2188 3535
131 877 232 903 Mzircz.
253 880 296 905 26.

155 1933 224 1971 Apr.
248 1947 290 1965 xo.

320 189 390 235 136
1079 186 1152 221 No.
1190 197 1231 233 51
1683 191 1793 236 [1581
1832 189 1927 234 maj.
1963 201 2012 235 29

314 306 472 350 statim
502 311 603 362 post
632 305 851 347 comitia.l
879 304 1210 347 Possessionem
1237 305 1375 349 etiam
1399 306 1589 351 aliarum
1617 307 1757 351 trium
1783 307 2008 356 villarum,

315 391 475 432 nempe
493 391 500 418 :
521 378 738 432 Kajanto,
756 374 946 417 Tiburcz
961 380 1006 416 et
1023 376 1293 430 Bogartelke
1308 376 1399 420 iam
1427 378 1611 434 quidem
1640 378 1908 434 accepimus,
1933 377 2012 419 sed

314 447 522 490 statuitio
544 460 634 488 non
661 450 727 487 est
751 445 886 494 facta,
911 459 1056 501 neque
1078 445 1124 488 in
1146 446 1291 489 tribus
1314 447 1431 490 villis
1457 449 1694 504 prioribus,
1718 462 1866 505 neque
1879 448 1926 490 in
1941 448 2012 489 his

313 517 650 574 posterioribus.
679 516 842 571 Itaque
872 515 1044 571 optime
1071 516 1225 559 fecerit
1255 518 1468 561 Maiestas
1495 521 1606 569 Tua,
1636 525 1688 562 ut
1717 519 1847 562 nobis
1868 531 2012 561 novas

312 589 464 630 literas
489 585 768 628 fundationis
788 586 1126 642 quamprimum
1147 588 1235 630 huc
1257 588 1415 632 mittat
1437 605 1516 646 per
1537 595 1711 633 certum
1733 589 1950 632 nuncium
1965 593 2011 631 et
2042 613 2060 641 5

311 671 392 700 nos
406 658 451 699 in
466 657 586 699 hisce
601 656 956 712 possessionibus
971 658 1113 700 statui
1134 658 1310 702 faciat.²
1328 661 1393 702 Ac
1415 666 1574 716 postea
1593 661 1674 704 fiat
1696 660 1836 703 etiam
1856 659 2011 702 termi-

311 742 471 770 norum
504 727 714 769 lustratio
736 732 780 769 et
796 728 1046 780 renovatio,
1078 743 1133 772 ne
1163 744 1254 786 qua
1283 731 1413 773 nobis
1442 746 1545 775 cum
1561 732 1719 775 vicinis
1734 731 1902 774 existat
1923 730 2012 772 liti-

310 798 445 855 gandi
468 811 616 840 causa.
639 798 739 840 Iam
757 797 803 840 in
821 798 1009 841 civitate
1028 800 1290 844 habitamus
1322 816 1412 844 non
1440 817 1622 859 prorsus
1649 801 1935 845 incommode
1966 806 2011 843 et

310 869 485 912 scholas
500 882 642 911 novas
660 868 819 912 statim
841 875 944 926 post
975 871 1149 914 Pascha
1177 872 1448 928 aperuimus.
1480 874 1675 917 Confiuit
1692 873 1752 916 ad
1766 887 1841 916 eas
1855 872 2011 915 iuven-

310 945 398 989 tus,
416 939 613 982 maxime
628 939 861 983 nobilium.
880 941 980 983 Iam
999 948 1214 998 superant
1237 958 1476 987 numerum
1498 945 1808 987 centesimum.
1826 942 2012 999 Optime
2026 966 2062 995 10

310 1010 401 1053 iarn
431 1010 836 1067 progrediebantur
877 1012 1043 1062 omnia,
1076 1013 1161 1055 nisi
1195 1014 1325 1057 nobis
1360 1020 1457 1058 tam
1488 1016 1641 1058 subita
1671 1010 1767 1057 Illmi
1796 1013 2012 1070 principis

311 1081 506 1124 decessio
547 1082 700 1124 omnia
737 1083 1060 1137 perturbasset.
1097 1084 1330 1127 Pollicitus
1364 1091 1460 1128 erat
1490 1087 1620 1129 nobis
1649 1086 1768 1128 Illmus
1804 1085 2012 1142 princeps

310 1152 494 1208 singulis
521 1152 650 1195 annis
679 1165 790 1195 1000
816 1154 1008 1197 florenos
1035 1155 1094 1197 ad
1121 1155 1337 1199 aedificia.
1370 1157 1559 1213 Iamque
1586 1159 1670 1200 hoc
1698 1171 1818 1199 anno
1845 1155 2011 1212 persol-

310 1228 437 1265 verat
466 1223 563 1273 800,
592 1224 827 1266 restabant
856 1237 953 1275 200,
983 1240 1096 1281 quos
1123 1226 1233 1269 mihi
1260 1228 1528 1283 promiserat
1557 1228 1716 1271 statim
1742 1227 1861 1270 Alba
1887 1225 2012 1281 Julia

310 1307 355 1336 se
377 1294 619 1337 missurum
636 1308 645 1345 ;
689 1294 768 1337 sed
789 1309 889 1337 ecce
911 1296 1108 1339 Domino
1131 1297 1255 1340 aliud
1276 1298 1425 1341 visum
1450 1304 1517 1341 est
1543 1305 1587 1341 et
1614 1313 1694 1355 ego
1719 1313 1820 1341 sum
1845 1296 2012 1340 debitis
2027 1320 2061 1347 15

309 1364 549 1407 intricatus
578 1369 623 1407 et
654 1366 880 1422 operarios
910 1366 976 1409 ita
1005 1374 1190 1423 repente
1221 1368 1450 1412 dimittere
1481 1385 1572 1412 non
1602 1370 1760 1412 audeo.
1795 1368 2011 1411 Nondum

310 1435 428 1478 enim
444 1440 512 1477 est
528 1436 817 1492 promulgata
831 1451 951 1480 mors
966 1438 1193 1494 principis.
1216 1439 1430 1483 Maiestas
1448 1442 1547 1484 Tua
1566 1441 1787 1490 consulat,
1809 1440 2008 1488 obsecro,

310 1507 443 1548 rebus
469 1506 634 1549 nostris
660 1512 886 1563 quantum
912 1513 1077 1564 potest.
1109 1510 1295 1553 Scholae
1322 1511 1461 1554 etiam
1487 1511 1602 1554 istae
1629 1523 1669 1565 5,
1698 1511 1864 1567 quibus
1890 1523 2010 1552 nunc

309 1576 494 1627 utimur,
516 1577 719 1620 nondum
740 1583 844 1621 sunt
868 1579 1001 1634 plane
1021 1580 1263 1636 profectae.
1287 1583 1463 1624 Desunt
1484 1583 1763 1638 pavimenta,
1788 1581 2010 1624 fenestrae

310 1647 497 1704 aliquot,
538 1647 741 1691 fornaces
778 1654 823 1691 et
862 1650 1018 1706 argilla
1055 1665 1188 1707 super
1229 1652 1472 1708 laquearia,
1513 1659 1596 1695 etc.
1638 1654 1832 1696 Nostrae
1869 1651 2061 1701 etiam20

309 1718 616 1761 habitationes
638 1719 793 1762 multis
816 1721 949 1763 rebus
969 1722 1117 1764 adhuc
1136 1722 1353 1778 indigent,
1373 1729 1423 1766 ut
1441 1724 1550 1766 nihil
1571 1724 1719 1766 dicam
1742 1723 1798 1766 de
1821 1722 2008 1778 templo,

309 1789 432 1844 quod
462 1794 584 1832 caret
615 1789 834 1833 fenestris.
869 1792 1110 1847 Speramus
1140 1793 1186 1835 in
1216 1794 1388 1849 pietate
1423 1809 1473 1837 ac
1518 1794 1829 1837 munificentia
1867 1786 2010 1836 Celsnis

309 1860 444 1902 Tuae.
471 1861 519 1903 P.
546 1861 804 1904 Ludovicus
825 1867 978 1905 noster
993 1865 1010 1890 3
1035 1878 1061 1905 a
1087 1864 1261 1906 decima
1282 1865 1448 1921 Aprilis
1472 1865 1671 1922 graviter
1696 1864 1928 1908 decumbit
1953 1876 2009 1906 ex

309 1930 505 1987 paralysi
535 1931 662 1986 pedis
691 1937 736 1974 et
767 1932 920 1975 lateris
951 1933 1132 1984 sinistri,
1166 1935 1276 1977 nihil
1306 1936 1527 1979 hactenus
1557 1936 1742 1979 adiutus
1771 1940 1839 1979 est
1869 1933 2009 1978 medi-

309 2001 430 2044 cinis.
466 2002 585 2044 Illmus
624 2003 830 2059 princeps
861 2005 1081 2060 quamdiu
1112 2005 1242 2056 vixit,
1285 2021 1440 2050 curam
1471 2007 1566 2050 eius
1610 2007 1871 2064 diligentem
1914 2004 2060 2056 fieri25

309 2072 467 2115 voluit.
489 2074 582 2116 Nos
612 2068 697 2116 Mtis
728 2075 849 2117 Tuae
867 2075 1020 2118 literas
1038 2081 1083 2118 et
1102 2077 1435 2122 ordinationem
1453 2079 1809 2134 expectabimus,
1829 2076 2008 2120 etiarnsi

307 2142 479 2198 aliquid
498 2144 756 2188 faciendum
777 2145 834 2188 sit
855 2146 914 2188 ab
933 2147 1170 2190 haereticis
1189 2163 1271 2204 pro
1292 2149 1457 2191 Christi
1476 2149 1671 2200 nomine,
1693 2163 1776 2192 nec
1796 2163 1824 2192 a
1842 2147 2009 2191 nostris

307 2213 542 2265 exercitiis,
585 2220 811 2272 quantum
850 2217 1113 2273 poterimuS,
1157 2219 1402 2276 quicquam
1441 2220 1739 2263 remittemus
1783 2218 2008 2264 Dominus

306 2284 438 2338 Jesus
482 2284 589 2328 Mtem
618 2287 764 2329 Tuam
807 2287 937 2330 nobis
980 2303 1120 2345 quam
1151 2289 1404 2333 diutissime
1435 2296 1583 2334 servet
1614 2291 1901 2340 incolumem,
1935 2289 2007 2331 cui

307 2369 377 2397 me
403 2370 504 2399 cum
528 2357 613 2399 hoc
637 2353 722 2400 Mtis
744 2359 868 2401 Tuae
896 2358 1080 2416 collegio
1116 2360 1247 2404 unice
1283 2363 1564 2405 commendo.
1597 2364 1779 2406 Fratres
1815 2361 1878 2403 illi
1916 2365 2006 2402 tres
2020 2382 2058 2410 30

307 2426 448 2468 nostri
483 2427 606 2470 missi
629 2443 656 2471 a
677 2427 756 2471 Mte
775 2430 875 2472 Tua
907 2431 1128 2474 Varsavia
1170 2436 1276 2475 ante
1310 2447 1453 2476 unum
1489 2433 1579 2476 fere
1614 2447 1814 2476 mensem
1844 2431 1904 2474 ad
1924 2444 2006 2473 nos

308 2503 610 2551 pervenerunt
637 2504 682 2542 et
708 2499 870 2543 iuvant
897 2515 979 2544 nos
1005 2507 1199 2545 strenue.

423 2568 715 2625 Claudi0p01i‚
749 2583 816 2627 29.
850 2571 971 2614 Maii.
1004 2574 1137 2616 Anno
1168 2574 1352 2617 Domini
1385 2576 1509 2629 1581.

423 2638 674 2683 Maiestatis
705 2642 830 2685 Tuae
861 2656 1017 2686 servus
1051 2643 1098 2686 in
1131 2645 1309 2688 Christo

965 2726 1166 2781 Jacobus
1193 2728 1488 2784 Vagrovicius
1523 2728 1733 2784 Superior
1764 2727 1944 2784 Collegii
2017 2752 2055 2779 35

1185 2799 1461 2855 Claudiopol.
1497 2799 1748 2842 Societatis.

310 2894 513 2940 (Egykoru
540 2897 724 2939 mzisohat,
751 2900 876 2935 romai
902 2903 988 2935 vat.
1012 2902 1281 2937 »Nunziatura
1306 2903 1346 2937 di
1372 2903 1558 2938 Polonia«
1594 2905 1648 2937 18.
1679 2904 1764 2938 kot.
1801 2903 1930 2948 16516.
1958 2904 2001 2940 1.)

452 3023 465 3044 ¹
492 3024 548 3058 Ez
577 3037 600 3059 a
626 3026 847 3063 kolozsvari
874 3031 1151 3076 orszaggyi'iles
1184 3033 1274 3076 1581
1305 3032 1437 3077 majus
1470 3033 1581 3068 ro-en
1608 3034 1754 3068 oszlott
1781 3034 1829 3069 el.

451 3082 464 3104 ²
493 3084 549 3117 Az
570 3086 840 3130 alapito-level
863 3090 986 3124 ekkor
1006 3090 1093 3124 mar
1113 3091 1242 3126 utban
1263 3091 1295 3126 is
1316 3092 1415 3127 volt.

451 3140 465 3161 ³
493 3141 536 3176 P.
565 3142 797 3179 Odescalchi
823 3146 942 3192 Lajos
968 3151 1078 3193 atya.
2015 3163 2053 3191 40
