2188 3535
196 1639 263 1670 Mfij.
292 1647 333 1671 13.

196 1707 264 1742 maj.
290 1718 333 1741 24.

194 2134 261 2165 maj.
286 2142 329 2160 2¹.

362 173 430 217 146
1119 171 1191 206 No.
1230 173 1276 218 56
1748 173 1859 219 [1581
1897 183 1986 217 aug.
2024 175 2046 209 8

356 290 491 346 regni,
518 304 633 346 quae
657 290 828 332 indicta
851 288 1138 346 potissimum
1163 294 1305 339 erant,
1332 290 1391 333 ad
1415 290 1701 348 deligendum
1725 290 1772 332 in
1795 289 2045 346 principem

356 361 477 416 regni
510 361 665 410 filium,
715 374 848 416 quem
882 360 1081 402 habebat
1116 360 1299 403 unicum
1334 367 1378 403 et
1414 362 1491 418 qui
1525 362 1615 404 iam
1669 375 1748 417 per
1794 375 1964 403 annum
1999 361 2046 403 in

357 431 588 486 disciplina
626 430 875 480 Societatis,
915 431 1000 472 sub
1037 444 1175 472 manu
1212 436 1380 482 nostra,
1420 433 1561 475 Albae
1599 432 1761 474 fuerat.
1803 432 1904 488 Quo
1941 445 2045 474 cum

356 501 587 550 venissem,
614 505 861 556 antequam
885 500 1091 556 princeps
1114 502 1272 545 urbem
1297 517 1399 545 cum
1423 503 1514 546 filio
1538 502 1723 552 subiret,
1749 501 2046 558 migravimus

353 571 398 613 in
426 571 596 620 urbem,
626 570 776 613 triduo
805 576 924 621 ante,
953 586 1008 614 ne
1038 577 1082 614 et
1112 572 1221 615 mihi
1251 574 1527 617 manendum
1556 574 1602 615 in
1630 572 1828 628 hospitio
1857 577 2045 616 externo
2077 589 2096 616 5

353 645 467 683 esset
497 646 540 683 et
570 646 622 683 ut
652 642 819 684 affectu
849 648 893 685 et
923 643 1249 686 consuetudine
1278 649 1536 687 nostrorum
1566 644 1626 686 ad
1654 643 1838 700 aliquod
1883 644 2045 686 saltem

352 717 530 767 tempus
566 711 746 755 fruerer.
785 713 942 756 Electo
977 714 1023 756 in
1059 715 1307 770 principem
1338 716 1461 771 regni
1482 715 1573 758 filio
1595 714 1808 757 octenni⁶
1837 728 1888 756 ac
1917 714 2045 764 duce,

351 782 562 832 salutato,
591 782 701 825 nihil
727 783 960 840 antiquius
985 785 1047 826 illi
1074 785 1174 835 fuit,
1204 800 1341 842 quam
1368 791 1419 828 ut
1447 786 1657 841 deinceps
1683 799 1816 828 omne
1842 785 2046 827 studium

350 852 395 894 in
435 853 704 897 catholicam
743 855 1001 911 religionem
1041 856 1276 899 conferret.
1321 858 1484 913 Itaque
1524 857 1704 899 decreto
1743 856 1883 898 etiam
1921 855 2046 911 regni

350 924 581 967 firmatum
603 924 649 967 in
672 925 830 969 iisdem
854 927 1048 969 comitiis
1071 932 1153 978 est,
1193 932 1245 970 ut
1269 928 1575 984 cuiuscunque
1598 927 1754 983 oppidi
1776 931 1858 969 aut
1881 926 2046 969 civitas
2060 942 2097 970 ιο

350 1008 454 1049 pars
481 995 633 1052 aliqua
661 1010 900 1040 numerosa
928 998 1199 1041 catholicam
1228 1003 1431 1055 optasset
1460 998 1733 1054 religionem,
1764 998 1858 1040 sine
1887 996 2046 1040 fraude

350 1071 464 1108 esset
506 1066 709 1123 principi,
753 1069 1026 1112 catholicum
1066 1069 1151 1112 illis
1192 1070 1476 1113 introducere
1517 1065 1811 1112 sacerdotem.

482 1138 654 1180 Eodem
691 1144 845 1182 autem
883 1145 1085 1196 tempore
1123 1140 1279 1183 aderat
1316 1141 1679 1183 Vasarhelienses
1714 1154 1769 1182 ex
1806 1138 2047 1195 metropoli

351 1207 599 1250 Siculorum
628 1209 760 1259 cives,
790 1210 867 1266 qui
895 1211 1024 1253 enixe
1051 1212 1174 1268 apud
1213 1226 1285 1254 me
1325 1218 1368 1254 et
1410 1212 1658 1268 principem
1699 1211 1834 1253 Illmum
1860 1215 2046 1253 conten-

350 1277 518 1320 debant
565 1279 619 1321 de
653 1281 823 1336 templo
868 1282 1067 1338 quodam
1115 1283 1351 1325 haereticis
1396 1283 1639 1339 eripiendo,
1674 1283 1894 1338 nobisque
1939 1280 2046 1323 assi·
2060 1295 2096 1323 15

348 1349 542 1404 gnando.
593 1350 719 1393 Idem
767 1353 1035 1408 satagebant
1084 1354 1375 1409 Lugasienses
1407 1359 1451 1396 et
1485 1353 1918 1402 Caransebesienses,
1966 1351 2045 1408 qui

349 1434 504 1462 omnes
552 1421 795 1477 benignum
832 1437 859 1465 a
895 1424 1027 1466 Celsne
1064 1424 1153 1466 Sua
1201 1439 1465 1480 responsum
1514 1425 1727 1474 tulerant,
1767 1438 1812 1466 se
1849 1437 1956 1466 mox
1992 1426 2044 1465 ut

349 1491 512 1533 Albam
538 1493 915 1547 repetivissemus‚
944 1495 1159 1537 daturum
1185 1510 1382 1551 operam,
1410 1501 1461 1537 ut
1488 1495 1584 1538 voti
1610 1500 1844 1551 compotes
1868 1494 2039 1536 fierent.

350 1561 436 1603 Sed
459 1576 559 1604 ecce
582 1563 627 1604 in
651 1564 799 1607 medio
821 1579 952 1607 cursu
975 1566 1222 1608 catholicae
1246 1566 1468 1622 religionis
1487 1566 1702 1608 infirmari
1726 1566 1772 1607 in
1787 1565 1863 1608 via
1878 1564 2041 1620 coepit,

349 1632 468 1674 unde
491 1633 619 1675 celeri
643 1648 775 1677 cursu
799 1636 962 1678 Albam
987 1637 1222 1686 deductus,
1248 1637 1293 1678 in
1318 1637 1469 1692 vigilia
1494 1638 1783 1679 Pentecostes
1807 1635 2043 1691 desperare
2056 1651 2094 1679 20

349 1703 403 1744 de
451 1704 595 1746 salute
644 1706 803 1748 medici
853 1712 1109 1762 coeperunt.
1176 1708 1322 1750 Pridie
1371 1708 1577 1764 Corporis
1638 1707 1803 1750 Christi
1851 1711 2044 1749 vocatus

348 1787 461 1824 sum,
496 1780 547 1816 ut
581 1790 697 1831 quae
731 1777 888 1820 salutis
921 1778 1098 1820 animae
1132 1784 1293 1828 essent,
1329 1793 1628 1834 procurarem.
1668 1779 1812 1834 Quem
1847 1782 1899 1819 ut
1935 1776 2041 1826 adii,

347 1858 436 1886 non
473 1859 599 1888 secus
635 1847 824 1903 excepit,
864 1862 914 1890 ac
952 1849 987 1891 si
1025 1849 1079 1891 de
1116 1850 1238 1891 coelo
1274 1850 1426 1905 lapsus
1462 1850 1646 1905 angelus
1681 1849 1743 1890 illi
1781 1848 2040 1898 adfuissem,

346 1928 485 1965 orare,
518 1931 572 1958 ne
602 1917 647 1959 in
678 1918 753 1960 illa
783 1925 985 1962 extrema
1014 1921 1125 1962 hora
1154 1920 1215 1961 illi
1247 1921 1459 1970 deessem,
1492 1920 1701 1963 morienti
1732 1920 1950 1969 adessem,
1982 1918 2042 1961 ad

346 1999 497 2040 preces
524 1988 838 2043 concipiendas
865 1995 908 2032 et
936 1991 1140 2033 hortarer
1165 1997 1209 2033 et
1237 1992 1480 2034 edocerem.
1518 1991 1723 2048 Denique
1749 1989 1859 2032 nihil
1885 2004 2041 2032 eorum
2054 2005 2091 2033 25

346 2056 600 2108 intermisit,
638 2074 752 2115 quae
788 2061 846 2102 ad
879 2061 941 2116 pii
975 2062 1188 2117 principis
1222 2063 1424 2105 animum
1459 2068 1504 2105 et
1539 2063 1684 2105 zelum
1719 2061 2041 2104 declarandum

346 2127 490 2170 facere
547 2129 831 2174 videbantur.
895 2133 1057 2188 Itaque
1102 2133 1185 2175 etsi
1243 2134 1392 2189 elapsa
1443 2133 1669 2176 dominica
1712 2133 1941 2176 confessus
1986 2131 2042 2174 de

345 2199 541 2253 peccatis
590 2203 811 2244 monacho
847 2203 1146 2246 Franciscano
1195 2204 1355 2254 fuerat,
1395 2205 1803 2261 eucharistiamque
1839 2216 2040 2259 sumpse-

344 2275 428 2319 rat,
484 2270 774 2315 nihilominus
826 2274 885 2316 ad
937 2275 1229 2330 repetendam
1283 2276 1608 2318 confessionem
1660 2276 1871 2318 hortatus
1922 2288 2037 2323 sum,

344 2341 584 2398 paruitque
627 2343 830 2387 libenter.
889 2345 949 2387 Iis
992 2346 1130 2402 igitur
1170 2347 1386 2402 reperitis,
1445 2361 1561 2403 quae
1604 2346 1662 2389 ad
1704 2360 1798 2388 rem
1841 2344 2038 2388 maxime
2052 2359 2090 2386 30

344 2411 488 2454 facere
522 2413 809 2465 videbantur,
846 2416 904 2458 ad
939 2422 1267 2460 testamentum
1302 2418 1588 2460 condendum
1623 2417 1841 2460 venimus.
1880 2416 1968 2459 Sed
2001 2415 2038 2457 is

345 2481 434 2525 iam
478 2489 612 2527 antea
654 2487 912 2541 proceribus
955 2488 1128 2544 aliquot
1170 2489 1292 2544 regni
1335 2489 1660 2545 praesentibus
1705 2492 1949 2543 negaverat
1992 2500 2038 2528 se

345 2553 587 2609 quicquam
623 2556 863 2600 facturum.
901 2559 1103 2602 Tandem
1136 2559 1298 2608 victus,
1322 2574 1468 2616 pauca
1501 2559 1726 2616 quaedam
1760 2557 1870 2601 mihi
1905 2557 2034 2607 dixit,

345 2636 446 2666 cum
484 2625 606 2679 prius
642 2642 713 2670 me
749 2643 953 2683 proceres
990 2631 1207 2673 obtestati
1246 2631 1448 2681 fuissent,
1487 2636 1538 2673 ut
1576 2631 1646 2673 vel
1683 2643 1833 2672 coram
1870 2643 1942 2671 me
1978 2628 2038 2670 ad

345 2693 514 2749 aliquid
557 2697 797 2742 dicendum
840 2700 1133 2751 evinceretur‚
1179 2716 1233 2743 ne
1276 2702 1457 2757 penitus
1498 2701 1743 2743 intestatus
1785 2699 2034 2748 excederet,
2049 2713 2088 2740 35

345 2777 619 2822 regnumque
653 2769 859 2824 periculis
892 2771 1084 2814 infinitis
1118 2778 1374 2828 exponeret.
1413 2774 1483 2815 Ex
1517 2772 1620 2814 huic
1655 2771 1714 2814 ad
1747 2784 1899 2826 preces
1933 2784 2036 2812 con-

346 2835 473 2885 versi,
493 2836 585 2879 dies
610 2844 714 2890 tres,
736 2847 979 2899 noctesque
1005 2843 1198 2885 totidem
1221 2843 1452 2898 psallendo
1475 2842 1768 2885 extraximus.
1788 2842 2035 2897 Nunquam

345 2918 425 2960 ego
451 2906 556 2956 vidi,
584 2923 674 2951 non
716 2911 814 2954 dico
840 2913 1101 2969 principem,
1130 2914 1208 2956 sed
1233 2914 1501 2969 religiosum,
1529 2913 1745 2956 orationis
1771 2912 2032 2955 avidiorem.

346 2976 476 3019 Nunc
516 2979 712 3033 psalmos
751 2984 967 3034 canendo,
1009 2999 1129 3027 nunc
1169 2984 1324 3027 solitas
1363 2984 1588 3027 orationes
1627 2983 1873 3033 recitando,
1915 2995 2034 3024 nunc

345 3046 399 3088 de
427 3048 559 3090 rebus
587 3050 750 3093 divinis
777 3055 917 3097 verba
945 3055 1164 3105 faciendo,
1195 3055 1265 3098 vel
1293 3055 1531 3105 audiendo,
1561 3054 1834 3097 indefessum
1861 3065 2085 3109 semperw

347 3124 2033 3139 Ἢ

473 3149 486 3169 ⁶
515 3149 694 3197 Bathory
723 3153 934 3199 Zsigmond
963 3157 1181 3201 fejedelem.
