2188 3535
127 191 216 231 1581
253 190 376 231 szept.
416 188 451 231 1]
891 186 964 220 No.
996 195 1044 232 59
1743 197 1812 234 179

124 306 178 347 de
210 305 347 347 verbo
380 303 464 346 Dei
495 303 751 353 habuimus,
786 309 888 360 post
922 304 1163 360 prandium
1195 304 1430 355 interfuit;
1464 303 1574 347 item
1607 305 1813 360 sequenti

123 376 193 417 die
221 375 409 430 dialogo,
440 389 575 430 quem
603 375 650 416 in
679 388 783 417 area
809 389 955 418 novae
982 375 1253 418 Academiae
1280 375 1578 425 exhibuimus,
1609 375 1814 418 similiter

122 446 334 488 interesse
374 445 549 496 voluit;
594 445 760 501 quibus
801 446 1022 488 exercitiis
1063 447 1354 489 vehementer
1395 451 1461 489 est
1503 446 1809 489 exhilaratus:

122 521 167 559 et
197 521 477 572 protestatus
522 521 590 558 est
620 530 666 558 se
696 516 905 572 deinceps
935 517 1038 559 solis
1067 518 1200 559 rebus
1230 517 1393 560 divinis
1423 522 1467 559 et
1497 517 1813 573 propagationi

74 605 91 631 5
122 587 368 630 catholicae
404 586 628 643 religionis
665 601 850 643 operam
888 588 1115 630 daturum.
1162 588 1250 644 Qui
1287 603 1390 631 cum
1428 603 1588 631 sanum
1625 603 1671 631 se
1707 588 1812 630 hinc

120 658 285 700 Albam
321 658 492 712 Juliam
528 657 781 714 recepisset,
821 658 941 700 intra
977 673 1144 715 paucos
1181 658 1275 701 dies
1310 659 1357 701 in
1392 660 1602 702 morbum
1638 658 1810 709 incidit,

121 743 176 771 ex
206 743 296 784 quo
326 743 418 771 non
448 729 694 778 convaluit,
727 729 806 772 sed
836 729 882 771 in
913 729 1006 772 dies
1036 729 1178 785 magis
1209 744 1261 772 ac
1290 730 1433 785 magis
1464 730 1611 786 coepit
1641 730 1813 773 viribus

121 799 319 842 destitui.
366 799 499 856 Quod
535 799 903 843 animadvertens
939 800 1039 856 pius
1075 800 1294 856 princeps,
1334 801 1484 843 triduo
1522 806 1628 844 ante
1664 800 1812 856 coepit

121 885 166 913 se
215 871 276 913 ad
324 875 520 913 mortem
570 885 867 927 praeparare;
921 876 1249 914 testamentum
1300 871 1530 914 condidit:
1584 871 1813 914 confessus

74 958 108 985 10
121 941 317 997 primum
362 947 429 984 est
475 942 655 998 proprio
696 942 979 992 confessario,
1026 943 1248 985 monacho
1294 942 1604 992 Franciscano,
1652 942 1813 984 deinde

121 1013 316 1055 secundo
340 1013 461 1068 patri
484 1013 655 1055 Lelesio
677 1027 684 1055 :
712 1012 1066 1057 communicavit
1090 1017 1135 1055 et
1159 1017 1346 1069 pactum
1370 1027 1473 1055 cum
1496 1012 1666 1056 Lelesio
1690 1013 1810 1062 fecit,

120 1098 176 1125 ne
218 1084 463 1139 quicquam
506 1083 716 1140 deinceps
759 1084 815 1126 de
857 1085 990 1126 rebus
1033 1084 1347 1135 saecularibus,
1403 1084 1482 1126 sed
1530 1088 1713 1126 tantum
1757 1083 1812 1125 de

121 1154 286 1197 divinis
344 1155 648 1210 loquerentur.
713 1155 956 1197 Interdixit
1017 1155 1169 1204 etiam,
1231 1169 1286 1196 ne
1347 1154 1587 1210 quisquam
1634 1159 1811 1196 caetero

121 1225 175 1267 de
222 1227 355 1268 rebus
403 1225 645 1268 mundanis
683 1226 1052 1281 interpellaturus
1085 1226 1145 1268 ad
1178 1239 1223 1267 se
1258 1225 1649 1267 intromitteretur.
1688 1224 1809 1266 Lele-

74 1296 237 1340 15sium
282 1301 436 1339 autem
481 1311 718 1353 nunquam
750 1311 777 1338 a
807 1298 947 1339 latere
990 1310 1085 1347 suo,
1133 1310 1213 1338 nec
1259 1296 1342 1346 die,
1380 1310 1461 1338 nec
1493 1300 1625 1338 nocte
1658 1296 1812 1338 abesse

121 1367 277 1410 voluit.
319 1367 497 1410 Accidit
535 1372 588 1409 ut
627 1367 827 1423 quadarn
867 1367 938 1409 die
981 1367 1098 1409 filius
1131 1371 1175 1409 et
1207 1366 1353 1416 filia‚1⁰
1385 1366 1507 1408 iussu
1546 1370 1813 1422 magnatum

121 1438 179 1480 ad
222 1438 470 1494 principem
513 1438 937 1488 introducerentur;
985 1438 1062 1480 sed
1105 1438 1280 1480 nullum
1324 1437 1507 1480 omnino
1551 1438 1741 1480 verbum
1787 1451 1813 1480 a

120 1509 319 1564 principe
370 1514 638 1565 extorquere
690 1513 950 1565 potuerunt.
1007 1509 1257 1551 Conversus
1309 1508 1428 1551 enim
1480 1508 1539 1551 ad
1590 1508 1813 1551 Lelesium

121 1579 212 1622 ait:
253 1581 412 1622 Nonne
448 1585 624 1636 pactum
661 1581 887 1628 inivimus
929 1594 1007 1622 nos
1044 1581 1245 1635 deinceps
1283 1580 1405 1622 nulla
1443 1580 1566 1622 verba
1603 1581 1653 1621 de
1690 1580 1814 1621 rebus

73 1667 107 1694 20
120 1651 356 1693 mundanis
389 1652 577 1693 moturos
595 1653 618 1693 P
651 1651 742 1693 Cur
776 1665 872 1705 ergo
906 1651 983 1693 isti
1015 1652 1372 1699 intromittuntur,
1409 1655 1457 1693 ut
1489 1655 1683 1693 nostrum
1716 1665 1814 1692 cum

118 1721 209 1763 Deo
239 1736 475 1764 sermonem
504 1723 826 1765 interturbent?
854 1723 895 1764 E
899 1722 1149 1777 grediantur
1173 1726 1209 1764 et
1238 1727 1285 1764 tu
1315 1721 1438 1764 nobis
1467 1722 1658 1778 psalmos
1676 1722 1814 1763 Davi-

119 1792 234 1835 dicos
270 1794 320 1836 in
356 1807 505 1835 aurem
540 1795 819 1836 insusurrare
856 1807 944 1834 non
978 1793 1304 1848 praetermittas.
1344 1792 1541 1835 Maxime
1577 1798 1732 1835 autem
1768 1792 1815 1833 in

121 1863 194 1905 illo
233 1863 451 1906 versiculo
491 1863 828 1906 delectabatur:
880 1864 939 1905 In
978 1878 1136 1906 manus
1174 1868 1284 1912 tuas,
1327 1865 1527 1912 Donn'ne,
1569 1864 1814 1906 commendo

121 1936 326 1990 spiritum
348 1949 491 1977 rnemn
508 1949 526 1983 ,·
548 1949 685 1991 quem
709 1935 848 1977 etiam
871 1940 994 1984 tunc,
1020 1949 1123 1977 cum
1147 1935 1350 1977 sensibus
1373 1935 1583 1977 omnibus
1606 1935 1815 1990 privatus

73 2021 107 2047 25
121 2010 249 2055 esset,
281 2006 493 2062 cupiebat
523 2010 701 2061 patrem
732 2006 777 2048 in
808 2020 963 2048 aurem
994 2006 1077 2048 sibi
1107 2006 1378 2057 inclamare;
1411 2006 1534 2061 quod
1563 2011 1608 2048 et
1639 2005 1813 2048 factum

122 2081 189 2118 est
221 2091 364 2132 usque
398 2077 457 2119 ad
490 2077 700 2119 ultimam
733 2078 892 2119 horam
926 2077 1049 2119 vitae
1064 2079 1100 2104 11
1122 2077 1228 2119 eius.
1266 2077 1353 2119 Hic
1375 2077 1461 2119 fuit
1484 2076 1632 2119 exitus
1653 2075 1815 2132 optimi

121 2152 166 2189 et
192 2148 400 2190 catholici
425 2148 650 2204 principis.
680 2149 800 2190 Mors
826 2148 919 2190 eius
944 2148 1102 2190 incidit
1128 2148 1174 2189 in
1201 2148 1319 2190 diem
1343 2160 1409 2202 27.
1430 2147 1549 2197 Maii,
1577 2148 1813 2202 celataque

122 2217 207 2260 fuit
244 2233 322 2274 per
359 2219 472 2262 duas
509 2219 600 2261 sere
636 2219 958 2268 hebdomadas,
999 2223 1183 2274 propter
1220 2218 1467 2274 periculum
1504 2218 1729 2260 tumultus
1767 2221 1811 2258 et
1824 2231 1893 2262 Maj.
1917 2238 1961 2263 27,

122 2289 364 2332 seditionis.

74 2374 108 2401 30
251 2362 395 2403 Erant
459 2360 579 2404 enim
627 2365 717 2402 tres
764 2375 818 2402 ex
866 2360 1168 2416 magnatibus,
1218 2359 1295 2415 qui
1342 2358 1647 2415 principatum
1694 2358 1811 2400 clam

122 2431 396 2481 ambiebant,
426 2432 644 2488 facileque
670 2431 715 2473 in
741 2445 877 2486 regno
903 2431 1061 2473 turbas
1087 2443 1275 2485 magnas
1300 2429 1586 2479 excitassent,
1614 2429 1699 2471 nisi
1725 2428 1811 2471 sibi

123 2516 148 2543 a
188 2517 288 2558 rege
329 2503 540 2546 Poloniae
582 2501 862 2544 metuissent.
908 2502 1071 2556 Itaque
1113 2500 1340 2543 communi
1382 2514 1600 2543 consensu
1641 2515 1668 2543 a
1708 2513 1811 2555 rege

123 2573 332 2616 Poloniae
380 2588 645 2630 responsum
694 2577 932 2628 expectare
981 2572 1289 2614 decreverunt.
1349 2571 1435 2628 Qui
1483 2571 1722 2627 rescripsit,
1757 2575 1809 2612 ut

122 2643 263 2687 filium
286 2644 437 2687 fratris
460 2644 528 2687 sui
552 2643 768 2693 defuncti,
795 2657 930 2699 quem
953 2642 1000 2684 in
1024 2642 1216 2684 comitiis
1240 2642 1478 2697 elegerant,
1504 2656 1585 2698 pro
1608 2641 1810 2698 principe

75 2727 109 2755 35
123 2720 411 2770 agnoscerent
437 2720 482 2758 et
507 2715 757 2771 reciperent
778 2729 787 2765 ;
816 2714 895 2756 sed
920 2713 1027 2769 quia
1051 2713 1088 2754 is
1113 2712 1317 2755 nondum
1344 2713 1568 2755 decimum
1594 2712 1809 2769 attigerat

122 2798 304 2836 annum,
323 2801 404 2828 nec
421 2801 556 2842 regno
578 2785 870 2842 gubernando
901 2789 1036 2840 aptus
1067 2785 1217 2833 erat,12
1247 2783 1453 2839 promisit
1483 2798 1529 2826 se
1559 2783 1685 2826 brevi
1714 2783 1808 2825 ido-

122 2869 256 2899 neum
277 2858 624 2912 gubernatorem
645 2857 913 2899 missurum:
945 2870 991 2898 se
1012 2868 1205 2911 quoque,
1229 2854 1358 2897 finito
1380 2855 1495 2897 bello
1517 2854 1809 2898 Moscovitico

124 2927 304 2982 propius
339 2942 494 2971 versus
528 2927 906 2984 Transylvaniam
958 2939 1253 2974 accessurum,
1286 2930 1339 2967 ut
1370 2925 1544 2968 facilius
1574 2925 1810 2980 utriusque

124 2997 245 3051 regni
295 2999 639 3041 necessitatibus
692 2998 833 3055 possit
886 2996 1133 3053 providere.
1190 2996 1478 3051 Sepulturam
1547 2996 1698 3039 fratris
1751 2995 1810 3037 ad

76 3103 111 3129 41»
251 3098 282 3119 ¹⁰
309 3099 491 3144 Bathory
519 3099 714 3133 Grizelda.
797 3099 827 3120 ¹¹
859 3095 1045 3133 Athi'izva
1071 3108 1117 3131 az
1144 3096 1262 3131 elc'sbb
1287 3097 1362 3132 irt:
1392 3097 1536 3132 exitus.

252 3157 282 3177 ¹²
311 3158 539 3193 Kitorolve:
570 3161 685 3193 esset.

1599 3227 1662 3260 12*
