2188 3535
329 208 397 242 182
1092 201 1167 237 No.
1198 209 1244 244 59
1684 202 1797 246 [1581
1833 204 1957 248 szept.
1995 212 2009 238 1

326 323 609 381 imperatoris
639 323 898 368 Turcarum,
931 318 1109 361 etiamsi
1139 332 1288 374 regem
1318 319 1531 362 Poloniae
1563 319 1676 362 mori
1705 320 2013 376 contingeret;

327 401 372 439 et
393 393 604 438 haeretici
625 405 779 434 omnes
800 390 912 433 adeo
934 403 1103 432 cornua
1124 388 1415 440 demiserunt,
1439 396 1491 433 ut
1515 391 1626 433 nihil
1647 391 1830 433 omnino
1852 390 2017 433 mutire

326 471 484 508 contra
510 477 590 505 nos
618 462 828 504 audeant.
860 460 995 502 Modo
1022 459 1160 515 igitur
1186 459 1232 502 in
1259 461 1343 504 hoc
1372 475 1510 517 regno
1539 466 1720 517 tempus
1748 466 1815 503 est
1843 475 2017 504 accom-

325 533 686 578 modatissimum
728 530 959 586 evangelio
1002 532 1307 587 propagando,
1355 532 1391 574 si
1433 532 1570 575 modo
1613 532 1797 575 idoneos
1839 536 1884 574 et
1925 532 2016 575 suf-

324 606 522 648 ficientes
560 601 785 658 operarios
823 602 1104 644 haberemus.
2047 617 2064 644 5

454 673 652 729 Populus
681 672 753 714 hic
783 677 851 714 est
881 672 1086 728 simplex,
1115 673 1261 715 bonus
1291 678 1335 716 et
1369 674 1428 716 ad
1457 673 1731 716 catholicam
1760 673 2018 729 religionem

323 745 454 789 valde
485 757 762 800 propensus,·
796 743 1077 799 libenterque
1109 750 1463 794 converteretur,
1498 745 1534 787 si
1565 758 1647 800 per
1677 744 1884 787 dominos
1915 758 2018 787 con·

322 816 580 859 cederetur:
624 814 882 856 haeresibus
922 819 1079 856 autem
1129 814 1290 857 fortius
1330 815 1555 871 implicati
1595 819 1810 857 tenentur
1848 815 2020 858 nobiles

322 892 367 930 et
393 886 597 929 artifices.
628 885 943 940 Blasphemiae
968 885 1041 928 hic
1067 890 1227 928 contra
1253 887 1404 928 Deum
1431 891 1475 928 et
1502 886 1693 929 Sanctos
1719 885 1867 928 nullae
1892 885 2018 928 audi-

322 963 462 1000 untur
481 971 489 1008 ;
517 956 596 999 sed
621 970 724 998 cum
749 956 853 999 irati
879 956 1046 999 fuerint
1072 956 1276 999 homines
1301 957 1518 999 conviciis
1543 957 1819 1013 quibusdam
1843 956 2017 1000 leviori-
2032 971 2068 998 10

323 1030 407 1072 bus
441 1043 496 1070 ex
531 1032 658 1083 parte
693 1032 934 1083 parentum
968 1032 1049 1070 aut
1085 1027 1294 1083 corporis,
1332 1028 1479 1070 solent
1515 1042 1560 1070 se
1595 1033 1756 1070 mutuo
1789 1028 2015 1070 lacessere.

323 1099 529 1142 Carnalia
555 1113 734 1154 quoque
761 1098 874 1141 vitia
900 1098 1128 1142 rarissima
1154 1104 1287 1149 sunt;
1336 1113 1443 1141 narn
1471 1098 1746 1141 adulterium
1772 1098 2020 1141 secundum

323 1171 441 1226 leges
456 1169 679 1225 Ungariae
695 1169 878 1224 capitali
893 1184 1039 1225 poena
1054 1169 1267 1225 plectitur
1281 1184 1289 1220 ;
1309 1169 1539 1212 fornicarii
1556 1169 1768 1225 flagellati
1783 1169 2021 1212 eiiciuntur

324 1256 379 1284 ex
416 1241 629 1283 urbibus:
675 1240 1031 1283 abominandum
1067 1246 1224 1283 autem
1260 1241 1373 1283 illud
1410 1241 1578 1284 vitium
1615 1246 1773 1284 contra
1809 1245 2021 1283 naturam

324 1326 404 1354 nec
437 1311 588 1360 scitur,
628 1325 709 1352 nec
742 1311 937 1361 auditur,
974 1326 1054 1354 nec
1087 1312 1362 1355 nominatur.
1402 1314 1504 1355 Duo
1538 1326 1642 1368 ergo
1676 1311 1790 1354 vitia
1822 1315 2018 1361 tantum,
2035 1325 2069 1352 15

324 1383 518 1425 haeresis
547 1387 592 1425 et
623 1381 828 1431 ebrietas,
861 1383 898 1424 si
928 1383 1144 1438 extirpari
1175 1389 1372 1438 possent,
1405 1383 1720 1425 sanctissimus
1750 1387 1866 1425 esset
1897 1386 2023 1425 totus

326 1454 530 1510 populus.
562 1454 704 1495 Totus
733 1458 887 1496 autem
918 1453 1092 1496 fructus
1121 1468 1177 1496 ex
1209 1454 1502 1496 concionibus
1526 1453 1764 1509 Ungaricis
1785 1453 2022 1509 praecipue

326 1529 543 1580 speratur.
585 1523 818 1566 Studiosos
855 1524 975 1566 enim
1012 1525 1133 1567 ultra
1169 1530 1356 1567 centum
1394 1525 1440 1566 in
1478 1525 1641 1567 scholis
1679 1524 1843 1566 nostris
1875 1524 2022 1566 adhuc

325 1610 417 1638 non
441 1595 682 1638 habuimus
708 1600 753 1636 et
780 1609 854 1637 eos
880 1610 970 1638 non
997 1596 1100 1638 licet
1127 1596 1186 1638 ad
1208 1595 1549 1644 confessionem,
1576 1600 1656 1637 aut
1678 1595 1814 1637 fidem
1837 1595 2022 1637 catholi-

325 1680 426 1708 cam
465 1680 632 1721 cogere,
673 1665 752 1708 sed
788 1666 918 1709 iuxta
956 1667 1074 1722 leges
1112 1666 1234 1722 regni
1273 1667 1416 1709 libera
1454 1666 1697 1722 unicuique
1735 1665 1887 1721 religio
1926 1679 2070 1721 per—20

326 1737 553 1779 mittenda
598 1742 678 1778 est.
728 1737 813 1779 Pro
860 1737 1150 1780 concionibus
1195 1743 1351 1780 autem
1399 1737 1634 1793 Ungaricis
1667 1751 1757 1779 non
1788 1737 2020 1785 habemus,

326 1808 411 1850 nisi
437 1813 528 1850 tres
549 1807 803 1850 sacerdotes
821 1808 1027 1864 Ungaros
1052 1808 1098 1850 in
1125 1809 1350 1851 Societate
1377 1813 1630 1857 veteranos,
1659 1807 1737 1864 qui
1762 1821 1866 1850 cum
1890 1807 2024 1849 laude

327 1878 567 1922 Societatis
598 1883 643 1920 et
683 1879 837 1933 populi
873 1879 1182 1922 satisfactione
1222 1880 1268 1921 in
1308 1893 1360 1921 eo
1401 1892 1588 1921 munere
1627 1878 1796 1920 versari
1834 1878 2020 1934 possint.

328 1951 399 1992 Ex
422 1949 492 1991 his
515 1949 604 1991 duo
629 1949 771 1991 Albae
795 1949 944 2004 Juliae
968 1950 1163 1992 resident
1189 1955 1233 1992 et
1258 1950 1422 1992 tertius
1445 1949 1516 1992 hic
1540 1949 1588 1991 in
1611 1949 1795 2004 collegio
1820 1948 2024 1992 Claudio-

328 2020 543 2076 politano,
578 2020 655 2062 ubi
688 2020 815 2062 sedes
847 2025 914 2062 est
947 2021 1101 2062 Ariani
1133 2021 1343 2077 episcopi,
1379 2020 1689 2063 concionatur.
1727 2020 1841 2062 Sunt
1873 2024 1919 2062 et
1949 2019 2072 2063 alii25

328 2096 418 2133 tres
457 2091 627 2146 Ungari
664 2091 947 2141 sacerdotes;
988 2092 1066 2134 sed
1102 2106 1220 2134 unus
1256 2092 1303 2134 in
1340 2106 1447 2134 cura
1484 2105 1638 2134 rerum
1675 2091 2025 2134 domesticarum

327 2166 609 2217 occupatur;
639 2162 729 2203 duo
757 2162 831 2203 alii
858 2168 962 2204 sunt
992 2162 1134 2218 ignari
1161 2167 1205 2205 et
1233 2163 1411 2212 novicii,
1441 2167 1486 2205 et
1515 2162 1593 2205 vix
1616 2161 1726 2218 apti,
1756 2167 1808 2204 ut
1830 2161 1876 2204 in
1897 2161 2025 2217 pagis

334 2232 512 2274 rusticis
552 2232 884 2275 concionentur.

467 2302 617 2346 Primo
653 2318 784 2354 anno,
824 2318 914 2359 quo
951 2304 997 2346 in
1018 2305 1394 2360 Transylvaniam
1429 2304 1615 2360 ingressi
1651 2318 1819 2353 sumus
1858 2317 2026 2359 paucos

334 2374 381 2416 in
415 2375 499 2417 hac
536 2374 721 2416 civitate
766 2375 1010 2418 catholicos
1045 2376 1326 2427 invenimus;
1364 2376 1443 2418 sed
1478 2377 1562 2418 hoc
1598 2374 1791 2425 biennio,
1844 2388 1899 2416 ex
1935 2387 2072 2430 qu030

335 2445 587 2488 concionari
635 2445 875 2501 coepimus,
927 2447 1130 2494 conversi
1178 2452 1283 2489 sunt
1332 2447 1526 2503 amplius
1574 2444 1894 2502 quadringenti
1941 2444 2025 2488 viri

334 2521 378 2557 et
427 2516 670 2559 foeminae:
721 2531 914 2572 quorum
961 2517 1036 2559 alii
1082 2518 1381 2567 lutheranam,
1432 2517 1506 2560 alii
1545 2515 2023 2565 Sacramentariorum‚

334 2586 408 2628 alii
452 2587 796 2630 Trinitariorum
841 2588 1062 2631 haeresim
1106 2589 1248 2631 secuti
1294 2589 1486 2631 fuerant.
1536 2587 1801 2643 Baptismus
1845 2600 2026 2643 quoque

334 2671 514 2711 prorsus
549 2663 645 2700 erat
681 2659 939 2714 abrogatus,
975 2659 1054 2701 sed
1089 2674 1207 2701 nunc
1244 2660 1321 2702 vix
1356 2664 1424 2702 est
1460 2659 1576 2701 ullus
1612 2658 1706 2700 dies
1742 2657 1897 2707 festus,
1935 2671 2024 2713 quo

336 2741 427 2769 non
451 2728 477 2768 6
503 2733 581 2770 aut
607 2741 632 2782 7
658 2729 856 2772 infantes
880 2730 939 2772 ad
964 2730 1244 2785 baptismum
1269 2730 1580 2779 adducantur;
1614 2729 1732 2770 inter
1755 2742 1869 2784 quos
1893 2741 2026 2783 saepe
2037 2740 2072 2768 35

338 2797 470 2839 multi
495 2798 639 2840 adulti
664 2800 703 2849 8,
732 2813 757 2855 9
783 2805 828 2842 et
857 2813 910 2843 10
935 2815 1158 2843 annorum
1183 2801 1506 2856 producuntur.
1543 2800 1643 2855 Qua
1667 2799 1713 2841 in
1738 2813 1784 2841 re
1808 2798 2026 2841 mirabilis

336 2873 404 2910 est
440 2869 762 2912 catholicarum
798 2870 1096 2914 foeminarum
1130 2871 1365 2920 industria,
1402 2885 1518 2927 quae
1553 2869 1817 2912 absentibus
1851 2869 2026 2911 maritis

338 2939 584 2988 haereticis,
623 2955 782 2983 uxores
820 2956 974 2984 eorum
1010 2942 1070 2985 ad
1105 2941 1442 2990 confessionem,
1479 2941 1642 2983 liberos
1678 2954 1784 2983 vero
1821 2940 1880 2982 ad
1913 2941 2025 2995 bap-

340 3009 525 3051 tismum
566 3009 922 3066 frequentissime
962 3013 1209 3055 adducunt.
1253 3013 1379 3054 Inter
1417 3013 1500 3054 has
1539 3015 1646 3053 sunt
1687 3010 1859 3066 aliquot
1899 3024 2025 3053 rarae

340 3080 591 3134 probitatis,
622 3081 803 3136 pietatis
828 3088 873 3124 et
898 3083 1155 3126 sanctitatis
1180 3083 1401 3126 foeminae
1421 3097 1430 3133 ;
1459 3081 1700 3138 quaedam,
1728 3086 1835 3124 ante
1859 3093 2073 3137 paucos4o

340 3164 513 3192 menses
558 3151 692 3206 paulo
755 3157 861 3195 ante
907 3154 1096 3203 obitum,
1146 3154 1261 3196 vidit
1307 3153 1475 3210 gaudia
1521 3151 1750 3209 paradisi;
1798 3152 2026 3195 occultum

2177 761 2188 806 -κ
