2188 3535
169 147 263 193 1582
292 147 376 181 okt.
415 145 477 191 19]
927 146 1001 180 No.
1033 146 1078 191 78
1778 154 1846 189 231

294 262 389 307 Hac
409 261 584 305 ratione
605 260 703 304 istis
724 261 908 318 quidem
930 263 1103 306 occasio
1119 268 1164 305 et
1181 261 1372 306 facultas
1387 262 1641 319 praebetur,
1659 266 1710 304 ut
1726 276 1848 305 secu-

165 333 258 376 rius
292 333 498 389 deinceps
532 332 765 382 ferociant,
790 333 1093 383 dominentur,
1118 333 1336 377 insultent
1358 338 1404 376 et
1425 332 1633 376 subditos
1653 332 1849 389 gravius,

164 419 304 461 quam
339 408 473 447 antea
507 403 723 446 divexent
759 408 805 446 et
840 404 1132 460 opprimant;
1170 404 1280 447 certi
1314 404 1408 448 iam
1443 408 1488 447 et
1524 403 1667 447 securi
1702 403 1852 447 effecti

164 475 265 532 plus
296 475 418 531 apud
447 473 696 530 superiores
727 488 867 517 unam
899 489 1030 518 suam
1062 475 1301 531 epistolam
1333 474 1543 532 ponderis
1573 473 1850 523 habituram,

115 564 133 591 5
164 560 304 602 quarn
342 545 507 588 multas
546 544 762 588 aliorum:
807 545 892 587 illis
930 560 1036 588 vero
1087 545 1265 589 animus
1316 546 1500 589 omnino
1539 545 1759 595 deiicitur,
1799 549 1851 587 ut

163 616 274 659 nihil
314 616 511 659 audeant
552 615 730 665 mutire,
773 630 918 672 neque
958 617 1018 659 ad
1057 616 1279 659 mediatos
1319 616 1567 673 superiores
1606 615 1852 673 quicquam

163 687 338 736 referre,
372 686 546 743 experti
576 691 621 729 et
652 686 737 742 ipsi
768 701 908 743 quam
939 686 1107 730 frustra
1137 687 1375 743 aliquoties
1405 687 1711 730 laboraverint
1742 687 1852 730 refe-

163 758 302 800 rendo
318 772 328 808 ;
370 772 425 800 ne
462 756 603 813 igitur
639 757 817 813 saepius
856 762 1096 814 tamquam
1135 772 1328 814 nugaces
1359 763 1640 814 reputentur,
1674 758 1852 802 malunt

164 833 311 872 tacere
343 833 388 871 et
420 830 516 871 Deo
543 828 697 871 omnia
727 828 809 871 soli
840 829 1138 872 committere.
1193 831 1325 872 Hanc
1356 830 1499 872 solam
1530 843 1714 872 causam
1746 828 1853 871 novi

116 918 150 946 10
164 914 258 956 ego,
290 904 335 942 et
365 903 578 955 expertus
607 914 710 942 sum
739 899 894 942 multis
923 899 1107 956 egregiis
1136 905 1182 943 et
1212 899 1296 956 piis
1326 900 1545 956 patribus,
1569 904 1614 943 et
1637 899 1853 943 fratribus

164 984 324 1013 ansam
367 970 625 1026 praebuisse
668 970 946 1019 defectionis,
993 985 1109 1027 quae
1152 970 1297 1013 multo
1341 970 1544 1026 pluribus
1587 970 1743 1013 futura
1784 974 1852 1013 est

164 1055 301 1084 causa
316 1041 485 1091 ruinae,
505 1041 589 1083 nisi
607 1046 784 1084 mature
801 1046 847 1083 et
864 1042 1112 1097 prudenter
1127 1042 1231 1084 huic
1248 1041 1521 1097 perniciosae
1538 1040 1853 1083 consuetudini

161 1113 262 1155 Tua
282 1111 555 1155 Reverentia
575 1112 830 1155 occurrerit.
872 1112 1017 1155 Multa
1036 1117 1269 1168 praeterea
1289 1117 1333 1154 et
1354 1111 1621 1167 gravissima
1640 1111 1854 1154 scandala

162 1183 208 1225 in
248 1183 436 1226 diversis
474 1183 582 1226 locis
621 1198 676 1225 ex
716 1183 850 1226 unica
887 1184 971 1225 hac
1011 1197 1147 1226 causa
1185 1186 1493 1233 emerserunt;
1535 1186 1853 1238 emergentque

115 1272 149 1299 15
162 1255 311 1297 adhuc
335 1253 477 1310 plura,
503 1253 588 1296 nisi
610 1253 861 1296 remedium
884 1253 1167 1297 adhibeatur.
1193 1255 1362 1296 Verum
1385 1252 1614 1296 enimvero
1638 1252 1855 1309 quicquid

162 1325 237 1367 alii
259 1325 315 1367 de
337 1339 409 1367 me
431 1324 646 1374 sentiant,
671 1323 888 1380 quicquid
909 1324 1077 1373 dicant,
1101 1339 1182 1381 ego
1205 1338 1441 1380 nunquam
1462 1323 1586 1374 scivi,
1610 1338 1691 1365 nec
1714 1323 1850 1371 volui,

161 1410 307 1452 neque
329 1395 433 1438 volo
457 1395 651 1438 blandiri
675 1395 917 1451 cuiquam(
928 1410 1008 1438 nec
1033 1395 1163 1438 aliter
1186 1395 1322 1451 loqui,
1344 1409 1483 1451 quam
1503 1393 1663 1443 sentio,
1690 1393 1851 1444 didici;

161 1481 243 1509 nec
273 1480 477 1522 unquam
508 1465 815 1508 sinceritatem
845 1466 962 1508 hanc
1002 1470 1046 1508 et
1086 1465 1425 1522 simplicitatem
1466 1479 1628 1514 meam,
1670 1470 1855 1521 propter

161 1537 348 1580 alicuius
388 1536 592 1579 favorem
632 1537 849 1585 deseram,
892 1551 948 1579 ne
988 1536 1024 1579 si
1063 1537 1322 1580 hominibus
1362 1537 1536 1593 placere
1576 1537 1850 1585 affectarem,

112 1625 149 1653 20
161 1622 316 1650 servus
354 1607 519 1649 Christi
557 1621 651 1650 esse
689 1607 951 1650 desinerem.
993 1608 1081 1650 Sed
1111 1608 1221 1651 haec
1253 1608 1442 1651 fortasse
1474 1612 1604 1650 extra
1634 1607 1853 1650 cancellos

163 1678 288 1721 dicta
323 1682 459 1720 sunt:
499 1678 632 1721 redeo
671 1678 731 1721 ad
767 1678 1065 1735 propositum.

278 1749 392 1792 Cum
418 1763 473 1791 ex
498 1749 616 1792 Alba
641 1748 876 1792 rediissent
900 1751 948 1792 P.
966 1749 1187 1793 Visitator
1212 1755 1257 1793 et
1284 1749 1590 1801 Provincialis,
1619 1749 1665 1792 in
1690 1748 1854 1792 ultima

162 1820 506 1877 congregatione
520 1825 677 1862 nostra
691 1835 834 1863 unum
850 1820 1072 1863 dederunt
1087 1820 1249 1863 rectori
1264 1820 1581 1870 consultorem,
1599 1822 1648 1864 P.
1666 1820 1853 1876 Justum

162 1891 420 1941 Polonum‚5
454 1905 590 1947 quern
623 1891 758 1946 paulo
793 1896 899 1934 ante
933 1906 988 1934 ex
1024 1891 1211 1935 Polonia
1243 1893 1330 1934 huc
1365 1906 1518 1935 secum
1551 1892 1851 1935 adduxerant.

113 1963 224 2007 25Et
260 1962 368 2019 quia
401 1961 603 2004 moribus
637 1962 804 2011 deerat,
842 1962 889 2005 id
923 1963 1119 2006 muneris
1153 1962 1374 2006 Visitator
1407 1963 1533 2006 dedit
1568 1964 1616 2006 P.
1655 1962 1854 2005 Mathiae

164 2033 369 2075 ministro
405 2037 450 2075 et
486 2033 780 2088 procuratori,
818 2033 971 2076 iuveni
1006 2035 1212 2077 modesto
1248 2034 1446 2090 quidem,
1484 2034 1564 2076 sed
1598 2033 1851 2090 prudentia,

167 2103 444 2160 experientia
471 2108 516 2146 et
545 2103 751 2146 doctrina
778 2118 935 2146 vacuo.
967 2106 1063 2160 Ego
1091 2119 1211 2154 vero,
1242 2120 1346 2147 cum
1374 2104 1574 2147 viderem
1601 2105 1656 2147 de
1683 2108 1854 2147 rectore

161 2175 334 2217 nullam
349 2174 444 2217 fieri
460 2174 778 2223 mutationem,
795 2175 925 2230 quasi
940 2176 1072 2224 mala,
1087 2190 1203 2232 quae
1218 2180 1412 2218 ventura
1427 2180 1555 2218 erant
1571 2174 1854 2231 praesagiens

162 2245 379 2302 praedixi,
405 2245 555 2288 oleum
578 2250 623 2287 et
646 2259 833 2301 operam
856 2260 937 2288 nos
960 2260 1065 2289 cum
1088 2261 1139 2289 eo
1162 2247 1363 2296 lusuros;
1398 2260 1478 2288 nec
1502 2260 1573 2288 me
1596 2244 1856 2288 coniectura

114 2333 150 2361 30
163 2316 334 2359 fefellit.
378 2316 727 2372 Quamprimum
760 2315 881 2358 enim
898 2316 1119 2359 Visitator
1145 2322 1191 2359 et
1214 2316 1506 2359 Provincialis
1539 2316 1851 2367 discesserunt,

162 2387 402 2430 confestim
437 2387 603 2429 iterum
637 2386 684 2429 in
718 2386 961 2442 pristinum
992 2392 1167 2430 statum
1201 2387 1355 2430 omnia
1388 2387 1559 2429 revolvi
1594 2391 1851 2443 coeperunt.
1866 2400 2025 2432 msam-ma

166 2458 315 2508 Domi,
361 2457 477 2500 sicut
520 2462 669 2506 antea,
714 2457 832 2500 inter
874 2457 1035 2500 fratres
1077 2472 1220 2514 parva
1261 2457 1420 2514 pietas,
1466 2457 1645 2500 modica
1686 2456 1852 2513 religio,

165 2529 328 2585 exigua
358 2528 555 2578 devotio,
588 2542 690 2571 rara
720 2528 971 2577 concordia,
1005 2528 1270 2584 praesertim
1300 2529 1419 2571 inter
1448 2528 1641 2571 Polonos
1671 2532 1716 2571 et
1747 2528 1854 2570 Ger-

164 2614 323 2642 manos
351 2599 573 2642 cernitur:
606 2598 842 2655 collegium
864 2604 932 2641 est
954 2599 1096 2642 veluti
1118 2613 1357 2642 commune
1384 2599 1693 2648 diversorium,
1724 2603 1855 2655 patet

116 2689 152 2715 35
164 2671 388 2720 omnibus,
435 2670 560 2713 nulla
604 2670 838 2712 clausura:
888 2669 1023 2712 libere
1068 2670 1242 2712 intrant
1287 2670 1492 2713 homines
1536 2675 1583 2713 et
1629 2674 1856 2726 vagantur

169 2755 248 2797 per
277 2741 496 2784 cubicula.
530 2741 733 2790 Externi,
767 2740 976 2783 catholici
1006 2745 1051 2783 et
1081 2740 1307 2790 haeretici,
1339 2756 1431 2784 non
1461 2741 1722 2784 afficiuntur
1752 2754 1856 2796 erga

166 2826 260 2861 nos,
290 2817 476 2868 propter
500 2812 690 2854 nimiam
716 2811 763 2854 in
789 2811 996 2854 subditos
1023 2811 1338 2855 austeritatem
1365 2817 1520 2868 aperte
1546 2811 1676 2855 nobis
1702 2810 1854 2855 obiici-

293 2925 307 2946 ⁵
337 2925 394 2959 Ez
414 2936 439 2959 a
458 2926 595 2961 tanult,
615 2925 658 2959 P.
683 2926 824 2971 Justus
845 2925 1026 2966 Rabbus‚
1049 2936 1072 2959 a
1092 2925 1133 2958 ki
1154 2925 1275 2970 parisi
1296 2925 1579 2971 tanulmanyai
1598 2925 1753 2959 kozben
1774 2924 1855 2958 tert

167 2982 212 3018 at
229 2995 253 3018 a
270 2984 504 3019 katholikus
519 2985 622 3019 hjtre
640 2985 682 3019 es
700 2985 828 3030 lepett
846 2996 870 3019 a
888 2984 1036 3019 rendbe
1054 2995 1072 3018 s
1092 2995 1116 3019 a
1134 2985 1237 3019 latin
1256 2986 1411 3019 mellett
1425 2985 1553 3030 jartas
1572 2985 1659 3019 volt
1678 2995 1701 3019 a
1720 2984 1853 3024 heber,

118 3044 298 3088 40g6r6g,
335 3044 483 3085 nemet,
509 3044 686 3079 franczia
719 3044 761 3078 es
795 3044 904 3079 olasz
940 3044 1204 3089 nyelvekben‚
1239 3045 1458 3090 theologiai
1491 3044 1703 3080 tudasaert
1737 3044 1856 3089 pedig

168 3100 398 3136 mindenfitt
422 3101 796 3149 nagyrabecsfiltek.
