2188 3535
377 269 423 303 32
1143 255 1217 289 No.
1257 266 1301 299 14
1722 255 1842 300 [1576
1873 256 1995 300 szept.
2035 265 2076 301 13

376 383 422 420 et
445 377 612 420 aulicos
633 389 737 418 suos
759 373 937 416 ditavit.
973 374 1042 414 Tu
1064 386 1222 415 census
1244 373 1453 415 omnium
1486 372 1776 416 ecclesiarum
1809 387 1832 414 e
1866 372 2078 416 manibus

379 449 544 491 iniuste
576 444 905 502 possidentium
941 442 1036 484 erui
1076 447 1121 485 et
1162 443 1280 485 veris
1323 443 1519 486 dominis
1550 443 1729 486 restitui
1769 443 1949 485 curasti.
1995 443 2078 486 Illo

380 521 595 574 regnante
617 515 775 570 pietas,
795 513 919 562 fides,
941 512 1152 562 charitas,
1174 513 1364 563 iustitia,
1385 514 1622 563 sobrietas,
1648 513 1848 562 castitas,
1876 513 2080 569 probitas

379 588 572 642 denique
602 583 748 626 omnis
776 582 980 625 extincta
1001 588 1097 626 est:
1129 589 1177 626 at
1201 599 1309 627 vero
1340 590 1385 626 te
1415 584 1539 640 regni
1567 585 1770 626 habenas
1798 584 2079 639 gubernante

376 660 570 701 virtutes
599 653 781 702 rediere,
811 653 965 696 fideles
993 654 1204 696 catholici
1233 655 1438 704 exaltati,
1469 655 1596 710 impii
1618 659 1773 696 autem
1795 659 1840 696 et
1864 654 2078 696 haeretici
2108 665 2125 693 5

379 724 590 782 despecti,
633 724 850 779 prostrati
892 729 937 766 et
965 725 1332 781 contemptibiles
1360 725 1474 767 facti
1503 730 1622 768 sunt.
1670 725 1846 767 Habuit
1874 725 1945 766 ille
1972 739 2080 768 suae

377 794 639 853 impietatis,
651 808 764 850 quos
778 794 1046 845 imitaretur,
1066 796 1279 838 authores
1296 796 1619 838 Balthasarem
1637 809 1787 851 regem
1795 795 2076 845 Caldeorum,

377 868 455 924 qui
475 866 634 909 eadem
655 869 801 914 nocte,
824 879 916 921 qua
936 879 1039 907 cum
1060 865 1352 921 principibus,
1376 866 1590 921 satrapis,
1613 865 1832 908 uxoribus
1852 871 1897 908 et
1918 880 2079 908 concu-

376 938 493 981 binis
531 951 554 979 e
591 935 712 977 vasis
749 936 886 978 sacris
927 937 1058 992 (quae
1096 940 1227 991 pater
1264 950 1374 978 suus
1415 937 1840 978 Nabuchodonosor
1877 950 1932 978 ex
1970 936 2080 979 aede

376 1006 628 1052 Salomonis
659 1006 926 1060 abstulerat)
971 1006 1119 1049 fuerat
1155 1021 1291 1049 ausus
1332 1007 1504 1056 bibere,
1547 1006 1683 1049 simul
1722 1021 1858 1062 regno
1898 1011 1943 1049 et
1983 1007 2081 1050 vita
2093 1017 2127 1045 ιο

376 1080 584 1136 privatus
607 1081 688 1119 est.
716 1077 894 1119 Habuit
918 1077 1110 1133 impium
1134 1082 1179 1120 et
1204 1077 1449 1119 scelestum
1474 1077 1768 1126 Antiochum,
1795 1077 1873 1133 qui
1896 1077 2078 1133 partim,

374 1150 500 1207 quod
543 1147 764 1203 templum
810 1148 894 1190 Dei
938 1148 1212 1203 spoliaverat
1257 1152 1302 1190 et
1349 1147 1643 1203 spurcissimo
1688 1147 1910 1190 idolorum
1955 1148 2082 1190 cultu

381 1223 777 1277 conspurcaverat‚
795 1219 963 1275 partim
979 1219 1132 1268 etiam,
1150 1219 1275 1275 quod
1289 1219 1490 1273 Judaeos
1509 1223 1668 1261 contra
1685 1218 1768 1261 Dei
1787 1224 2082 1274 praeceptum

381 1306 537 1334 carnes
563 1288 772 1346 porcinas
798 1290 1030 1332 comedere
1058 1295 1103 1331 et
1133 1304 1159 1332 a
1187 1289 1347 1345 patriis
1373 1289 1546 1345 legibus
1573 1289 1633 1331 ad
1660 1289 1774 1331 ritus
1800 1303 2082 1345 paganorum

381 1362 572 1405 transire
619 1365 840 1415 coegerat,
899 1360 1213 1403 miserabiliter
1260 1375 1287 1402 a
1335 1360 1564 1402 vermibus
1625 1364 1948 1416 consumptum
1995 1365 2078 1403 est.
2094 1370 2128 1398 15

380 1433 557 1476 Habuit
588 1432 833 1488 superbum
865 1431 1199 1480 Heliodorum,2
1241 1431 1319 1487 qui
1360 1431 1484 1473 iussu
1515 1431 1731 1473 Antiochi
1771 1430 1817 1472 in
1858 1430 2082 1474 aerarium

381 1503 849 1559 Hierosolymitanum
871 1501 1108 1557 ingressus,
1132 1506 1185 1543 ut
1205 1502 1469 1544 thesaurum
1493 1501 1666 1557 templi,
1697 1516 1778 1557 pro
1805 1501 2082 1558 pupillorum

379 1580 425 1617 et
453 1575 695 1616 viduarum
722 1572 1070 1616 necessitatibus
1093 1572 1342 1628 repositum
1371 1577 1642 1627 asportaret,
1673 1572 1844 1614 virtute
1872 1586 2078 1628 superna,

380 1660 436 1688 ex
467 1659 584 1701 equo
614 1644 861 1687 semivivus
892 1643 1165 1685 deturbatus
1211 1648 1256 1685 et
1289 1642 1569 1685 atrocissime
1600 1643 1853 1698 flagellatus
1884 1648 1965 1691 est,
1999 1657 2081 1685 nec

379 1716 503 1772 prius
528 1715 773 1758 sanitatem
799 1719 844 1756 et
870 1714 1081 1770 spiritum
1107 1714 1295 1756 vitalem
1321 1713 1504 1769 recepit,
1533 1727 1673 1769 quam
1710 1713 1848 1756 Onias
1875 1714 2127 1756 sacerdoszo

380 1801 462 1843 pro
490 1786 635 1829 salute
663 1786 757 1828 eius
786 1799 938 1840 preces
967 1790 1012 1826 et
1041 1784 1311 1826 sacrificium
1340 1785 1438 1826 Deo
1467 1784 1648 1826 obtulit.
1681 1784 1858 1826 Habuit
1887 1784 2080 1840 denique

380 1858 609 1900 Iulianum
624 1858 935 1913 Apostata1n,3
950 1855 1147 1904 Arium,4
1170 1855 1512 1904 Iconoclastas,5
1535 1855 1800 1904 Lutherum,
1826 1855 2078 1905 Calvinum,

379 1929 644 1977 Bucerum,⁶
659 1926 988 1982 Anabaptistas
1005 1931 1050 1968 et
1066 1925 1176 1967 alias
1196 1925 1361 1967 similes
1382 1930 1531 1981 pestes
1552 1925 1802 1975 hominum,
1827 1925 1905 1982 qui
1925 1925 2080 1970 relicta

382 1999 573 2054 antiqua
623 2002 807 2054 patrum
857 1997 944 2039 fide
979 2001 1024 2038 et
1059 1996 1282 2051 religione,
1320 2010 1463 2038 novas
1497 1995 1582 2038 sibi
1616 2000 1762 2038 sectas
1796 1997 2079 2039 confixerunt

383 2074 428 2112 et
477 2073 774 2117 evanuerunt,
812 2067 1104 2123 quotidieque
1153 2071 1430 2109 evanescunt
1479 2066 1525 2109 in
1573 2067 1924 2122 cogitationibus
1972 2067 2076 2110 suis.
2093 2082 2128 2110 25
2186 2094 2188 2104 ·

385 2139 601 2184 Habuisti
616 2144 676 2189 et,
694 2144 745 2180 tu
767 2153 846 2180 rex
867 2137 1175 2187 invictissime,
1199 2141 1305 2179 tuae
1328 2137 1524 2193 pietatis,
1544 2151 1658 2193 quos
1679 2137 1924 2194 sequereris
1941 2137 2078 2193 magi·
2186 2190 2188 2194 ι

381 2216 498 2253 stros
519 2209 800 2258 fortissimos,
819 2208 1017 2264 primum
1038 2213 1213 2263 septem
1231 2207 1392 2250 fratres
1414 2209 1699 2258 Machabeos,
1724 2222 1838 2264 quos
1858 2208 1974 2251 sicut
1996 2207 2078 2250 im·
2184 2195 2186 2198 ’

381 2281 482 2337 pius
503 2280 754 2323 Antiochus
775 2279 908 2322 nullis
930 2293 1010 2321 nec
1034 2279 1179 2327 minis,
1217 2293 1297 2321 nec
1324 2279 1586 2321 muneribus
1608 2279 1849 2322 transferre
1871 2293 1898 2321 a
1919 2278 2078 2334 patriis
2173 2230 2180 2322 i

381 2352 553 2407 legibus
576 2351 635 2394 ad
656 2351 771 2393 ritus
792 2364 1074 2406 paganorum
1096 2349 1261 2405 potuit,
1287 2349 1352 2391 ita
1375 2354 1420 2391 et
1444 2354 1489 2391 te
1512 2364 1539 2391 a
1561 2350 1649 2392 fide
1672 2349 1895 2392 catholica
1921 2351 2076 2406 (quam

380 2437 472 2465 non
505 2422 552 2464 in
586 2421 748 2464 scholis
777 2421 1009 2470 didiceras,
1047 2425 1127 2462 aut
1162 2434 1189 2462 a
1223 2419 1616 2462 concionatoribus
1651 2434 1900 2476 acceperas,
1937 2420 2016 2463 sed
2049 2434 2126 2464 aao
2178 2420 2188 2476 T*

380 2493 645 2549 parentibus
669 2506 761 2534 una
781 2506 884 2534 cum
903 2492 1020 2534 lacte
1041 2505 1238 2540 suxeras,
1260 2491 1486 2540 hauseras,
1510 2491 1750 2546 inbiberas)
1774 2505 1866 2534 non
1885 2491 2076 2546 Joannis

379 2563 601 2606 vaivodae
623 2577 768 2606 vanae
790 2562 1153 2618 pollicitationes,
1186 2575 1277 2604 non
1310 2561 1492 2616 fugaces
1524 2562 1728 2611 honores,
1765 2575 1856 2604 non
1889 2561 2077 2604 divitiae

382 2634 576 2682 fallaces,
600 2648 691 2676 non
713 2633 913 2675 crudeles
935 2632 1097 2681 minae,
1134 2646 1225 2674 non
1248 2631 1439 2687 denique
1462 2632 1655 2675 blandae
1678 2631 2095 2691 fraudulentesque

381 2709 426 2746 et
478 2709 729 2746 venenatae
782 2703 1091 2759 persuasiones
1144 2702 1474 2746 haereticorum
1528 2703 1757 2745 dimovere
1810 2707 2072 2758 potuerunt.

382 2774 597 2817 Habuisti
620 2774 780 2816 deinde
817 2774 1136 2829 imperatorem
1173 2773 1520 2816 christianorum
1556 2773 1767 2828 primum,
1806 2787 1942 2829 quem
1978 2772 2125 2816 imi-35
2181 2788 2188 2819 i

2184 2844 2188 2858 .

508 2921 522 2941 ²
550 2921 785 2955 Heliodoros
815 2921 903 2964 (Kr.
932 2932 965 2955 e.
1002 2922 1214 2965 187—175)
1244 2919 1375 2953 sziriai
1402 2918 1638 2953 kincstarto.
2183 2934 2188 2973 ἱ

506 2979 521 3000 ³
549 2979 795 3025 Maskeppen
825 2979 988 3014 Flavius
1017 2979 1206 3014 Claudius
1238 2978 1422 3024 Julianus
1457 2977 1584 3012 romai
1613 2977 1769 3012 csaszar
1798 2977 1839 3012 es
1868 2977 1939 3018 iro,
1971 2987 2076 3022 meg·
2182 2980 2188 3023 ξ

378 3039 464 3073 halt
493 3039 677 3084 363-ban.
2184 3080 2188 3085 Ἰ

508 3097 522 3118 ⁴¹
550 3098 679 3138 Arius,
710 3109 756 3132 az
786 3098 1026 3133 arianizmus
1055 3097 1265 3144 alapitoja‚
1295 3097 1473 3142 meghalt
1504 3098 1687 3142 336-ban.
2180 3100 2188 3146 ,Ι

507 3156 522 3178 ⁵
550 3157 584 3190 A
612 3157 900 3202 keprombolok
927 3168 1039 3192 neve.
2089 3162 2124 3192 4⁰
2180 3178 2188 3185 -

509 3215 524 3236 ⁶
551 3216 700 3250 Butzer
730 3215 890 3250 Marton
921 3216 1056 3250 nemet
1086 3214 1338 3255 reformator,
1369 3215 1547 3260 meghalt
1585 3224 1625 3260 15
1635 3215 1789 3260 51-ben.
