2188 3535
362 216 430 250 302
1133 201 1207 234 No.
1242 202 1290 245 96
1732 199 1848 244 [1583
1881 209 1970 243 aug.
2009 210 2055 246 13

362 323 723 380 praedicatorum
771 325 814 361 et
861 318 1199 373 praepositurae
1245 316 1580 372 praedictorum
1626 316 1895 366 iuramento,
1949 331 2053 360 con-

362 394 614 436 firmatione
650 389 896 446 apostolica
931 388 1002 429 vel
1037 387 1198 443 quavis
1231 387 1449 429 firmitate
1483 387 1572 429 alia
1606 387 1841 437 roboratis,
1866 388 2054 431 statutis

361 469 403 506 et
433 460 845 508 consuetudinibus,
871 457 1113 513 privilegiis
1136 472 1316 514 quoque
1337 457 1525 500 indultis
1553 463 1598 500 et
1625 458 1765 500 literis
1792 459 2052 514 apostolicis

359 534 443 574 illis
465 544 705 586 eorumque
728 528 1030 584 superioribus
1052 533 1096 570 et
1120 528 1320 584 personis
1346 529 1431 570 sub
1453 528 1798 585 quibuscunque
1820 529 2053 572 tenoribus

360 610 402 645 et
446 601 598 643 formis
638 613 688 642 ac
730 613 832 641 cum
873 598 1110 654 quibusvis-
1150 599 1290 642 etiam
1322 599 1709 655 derogatoriarum
1744 600 2050 656 derogatoriis,
2084 610 2106 638 5

358 672 543 726 aliisque
575 669 900 712 efficacioribus
931 674 975 711 et
1006 669 1201 712 insolitis
1232 670 1443 712 clausulis
1474 670 1848 727 irritantibusque
1879 675 1924 714 et
1955 671 2054 714 aliis

358 741 558 790 decretis,
579 740 716 782 etiam
739 744 867 782 motu
890 740 1070 795 proprio
1092 745 1137 782 et
1160 755 1215 783 ex
1242 746 1368 784 certa
1391 741 1579 784 scientia
1601 756 1653 784 ac
1676 741 1786 784 alias
1808 741 1854 784 in
1877 747 2055 785 contra-

359 813 473 854 rium
503 810 843 867 quomodolibet
872 811 1091 853 concessis
1119 825 1170 853 ac
1198 812 1338 854 etiam
1366 812 1532 868 pluries
1560 812 1825 868 approbatis
1852 818 1898 855 et
1925 812 2052 856 inno-

355 882 484 925 vatis.
525 881 698 937 Quibus
727 881 937 924 omnibus
959 886 1004 923 et
1027 881 1226 938 singulis,
1257 883 1397 925 etiam
1427 883 1463 925 si
1491 898 1573 939 pro
1602 883 1780 926 illorum
1810 883 2051 926 sufficienti

354 952 642 1008 derogatione
681 952 735 995 de
773 952 857 994 illis
893 966 1138 1008 eorumque
1168 953 1278 996 totis
1311 954 1558 1004 tenoribus,
1593 954 1797 1011 specialis
1829 955 2049 1011 specifica,
2066 965 2106 993 1⁰

353 1023 588 1066 individua
627 1028 671 1065 et
711 1037 921 1078 expressa
959 1037 1010 1066 ac
1050 1024 1105 1066 de
1143 1025 1282 1067 verbo
1321 1025 1380 1068 ad
1418 1026 1610 1068 verbum
1648 1040 1740 1068 non
1778 1030 1934 1069 autem
1972 1040 2051 1082 per

353 1094 575 1136 clausulas
618 1094 844 1150 generales
886 1094 1006 1137 idem
1049 1095 1352 1151 importantes
1394 1096 1567 1139 mentio
1610 1111 1688 1139 seu
1732 1097 1920 1153 quaevis
1962 1096 2050 1140 alia

353 1165 578 1221 expressio
600 1165 811 1207 habenda
833 1170 913 1207 aut
936 1165 1089 1221 aliqua
1110 1166 1199 1209 alia
1220 1166 1448 1223 exquisita
1470 1167 1617 1210 forma
1639 1168 1699 1210 ad
1719 1168 1804 1210 hoc
1827 1168 2051 1211 servanda

354 1236 468 1278 toret
490 1235 588 1286 illis,
614 1236 723 1278 alias
751 1236 797 1278 in
825 1250 906 1278 suo
934 1237 1093 1279 robore
1121 1238 1440 1293 permansuris,
1474 1239 1559 1281 hac
1582 1238 1680 1281 vice
1703 1239 1930 1282 duntaxat
1953 1253 2049 1295 spe-

355 1306 527 1349 cialiter
570 1312 614 1349 et
659 1321 864 1363 expresse
909 1307 1177 1363 derogamus
1221 1309 1457 1352 contrariis
1501 1309 1846 1366 quibuscunque
1889 1314 1969 1352 aut
2013 1309 2049 1352 si
2066 1319 2103 1347 15

356 1376 457 1432 [loci
488 1377 714 1420 ordinario
749 1378 809 1431 et]
850 1378 1154 1434 superioribus
1185 1380 1401 1436 praefatis
1432 1380 1504 1423 vel
1535 1380 1771 1437 quibusvis
1801 1380 1899 1423 aliis
1929 1394 2049 1423 com—

354 1448 551 1490 muniter
581 1449 652 1491 vel
683 1449 862 1491 divisim
905 1450 964 1492 ab
994 1450 1152 1493 eadem
1183 1450 1240 1492 sit
1271 1452 1375 1494 sede
1404 1451 1648 1501 indultum,
1680 1466 1797 1508 quae
1826 1451 2046 1501 interdici,

354 1519 566 1574 suspendi
610 1520 680 1561 vel
723 1520 1103 1563 excommunicari
1143 1536 1234 1564 non
1275 1522 1449 1578 possint
1490 1537 1569 1578 per
1599 1523 1752 1565 literas
1779 1522 2051 1578 apostolicas

354 1604 445 1632 non
486 1589 700 1632 facientes
740 1591 921 1646 plenam
965 1597 1010 1634 et
1051 1606 1309 1648 expressam
1351 1607 1403 1636 ac
1436 1594 1491 1636 de
1521 1594 1660 1636 verbo
1688 1594 1747 1636 ad
1775 1595 1966 1636 verbum
1994 1594 2049 1636 de

352 1660 528 1702 indulto
571 1661 828 1704 huiusmodi
869 1662 1159 1706 mentionem.
1204 1663 1326 1705 Nulli
1367 1678 1470 1720 ergo
1500 1664 1737 1707 hominum
1768 1664 1900 1707 liceat
1932 1665 2048 1707 hanc
2063 1674 2102 1702 20

351 1731 563 1787 paginam
590 1737 769 1775 nostrae
796 1733 1106 1783 absolutionis,
1154 1735 1494 1790 suppressionis‚
1533 1735 1835 1785 extinctionis,
1871 1749 2048 1778 conces-

351 1802 498 1851 sionis,
547 1803 874 1859 assignationis,
919 1805 1248 1860 applicationis,
1292 1806 1685 1862 appropriationis,
1721 1806 1901 1855 decreti,
1934 1806 2048 1848 inhi-

350 1872 545 1922 bitionis,
577 1875 782 1917 mandati
811 1880 856 1917 et
886 1875 1188 1932 derogationis
1217 1876 1458 1933 infringere
1488 1877 1560 1919 vel
1592 1877 1632 1920 ei
1663 1892 1776 1920 ausu
1809 1876 2048 1920 temerario

350 1944 583 1986 contraire.
618 1945 662 1987 Si
694 1946 795 2001 quis
825 1951 980 1989 autem
1008 1947 1093 1989 hoc
1123 1952 1352 1990 attentare
1384 1948 1750 2004 praesumpserit,
1775 1948 2048 2004 indignatio-

350 2028 453 2057 nem
485 2015 810 2072 omnipotentis
829 2017 914 2060 Dei
933 2032 985 2060 ac
1005 2018 1245 2061 beatorum
1265 2019 1388 2061 Petri
1407 2024 1452 2061 et
1473 2019 1602 2062 Pauli
1623 2019 1933 2076 apostolorum
1951 2019 2046 2062 eius
2060 2029 2099 2057 25

348 2099 393 2127 se
413 2086 589 2128 noverit
612 2087 908 2131 incursurum.

478 2158 651 2200 Datum
688 2160 860 2201 Romae
896 2160 1020 2216 apud
1055 2161 1274 2203 Sanctum
1305 2162 1522 2204 Marcum,
1559 2163 1692 2204 Anno
1724 2160 2047 2204 incarnationis

349 2227 600 2270 dominicae
635 2229 871 2272 Millesimo
907 2230 1269 2286 quingentesimo
1305 2232 1612 2288 octuagesimo
1648 2232 1796 2275 tertio.
1840 2232 2047 2275 Calendis

349 2298 555 2354 Augusti.
595 2300 894 2343 Pontificatus
929 2302 1072 2344 nostri
1108 2317 1227 2345 anno
1263 2303 1545 2346 duodecimo.

477 2370 562 2412 Pro
600 2371 993 2414 Reverendissimo
1030 2373 1218 2415 Summo
1253 2373 1467 2429 pontifice
1502 2375 1555 2417 A.
1592 2374 1898 2417 Sanfredinus.
2058 2383 2098 2411 30

977 2444 1140 2486 Caesar
1170 2444 1414 2487 Glorierius

1628 2517 1681 2559 A.
1717 2516 1772 2559 de
1800 2514 1983 2559 Alexiis.

349 2598 398 2638 (A
421 2598 616 2641 jezsuitak
639 2602 788 2637 reszere
812 2604 968 2638 kesziilt
993 2604 1149 2638 XVIII.
1175 2604 1335 2639 szazadi
1358 2605 1544 2647 masolat,
1569 2606 1614 2640 O.
1645 2607 1668 2640 1.
1709 2606 1872 2651 Erdelyi
1895 2604 2043 2639 fiskalis

748 2663 945 2699 leveltara
973 2664 1112 2697 XXII.
1143 2665 1336 2710 szekreny
1365 2665 1410 2699 B.
1441 2666 1537 2700 fasc.
1567 2668 1647 2710 95.)

1165 2760 1235 2803 96.
2056 2765 2094 2793 35

857 2846 1009 2894 Ro'mcz,
1044 2847 1159 2899 1583
1189 2852 1424 2902 augusztus
1456 2859 1524 2901 13.

529 2932 652 2972 XIII.
683 2934 857 2988 Gergely
884 2939 996 2989 papa
1022 2951 1047 2978 a
1073 2938 1308 2978 kolozsvari
1335 2939 1858 2991 jezsuita—kollegiumnak.

476 3013 526 3051 M
530 3015 711 3064 egercb'sz‘ti
725 3030 747 3055 a
760 3018 935 3070 Ba'tlzory
946 3020 971 3058 I
973 3021 1087 3059 stva'n
1100 3020 1359 3072 fey'edelemto'l
1372 3026 1484 3072 nyert
1495 3022 1673 3061 Bara‘tok
1685 3026 1778 3061 tava
1792 3022 2040 3062 birtokdban.

484 3097 720 3153 Gregorius
761 3101 1006 3159 episcopus,
1050 3118 1206 3147 servus
1246 3118 1478 3148 servorum
1519 3106 1616 3149 Dei.
1658 3107 1732 3149 Ad
1772 3111 2039 3163 perpetuam

351 3165 413 3208 rei
454 3168 731 3212 memoriam.
775 3172 989 3217 Plantata
1028 3175 1074 3217 in
1115 3189 1221 3231 agro
1263 3175 1501 3220 Dominico
1541 3178 1801 3221 veneranda
1840 3177 2090 3221 Societasw
