2188 3535
71 282 164 327 1576
184 281 305 324 szept.
335 279 395 323 13]
824 275 898 309 No.
936 286 980 320 14
1716 287 1760 322 37

68 399 184 441 Nam
226 410 254 438 a
294 399 497 451 tempore
539 394 628 444 illo,
674 408 764 449 quo
807 395 906 436 Tua
947 393 1159 436 Maiestas
1189 392 1236 435 in
1265 393 1513 449 principem
1551 393 1762 449 Transyl-

67 467 225 511 vaniae
253 466 401 508 fuerat
444 466 598 515 electa,
630 466 819 507 ‘nullum
855 464 1157 519 praetermisit
1188 479 1371 513 annum,
1403 478 1493 519 quo
1522 478 1614 506 non
1648 469 1761 506 trac-

68 542 206 580 tasset
243 551 345 578 curn
382 535 589 592 patribus
617 535 795 584 nostris,
822 549 941 576 nunc
964 549 1044 589 per
1065 535 1231 583 literas,
1256 549 1375 576 nunc
1397 549 1477 590 per
1498 535 1686 576 nuncios
1709 535 1763 576 de

68 613 222 651 nostra
264 607 310 648 in
353 606 729 661 Transylvaniam
774 605 1062 661 profectione.
1110 606 1356 647 Testantur
1404 606 1488 647 hoc
1538 605 1763 647 tabellarii

20 694 37 722 5
67 683 110 721 et
139 678 275 733 legati
302 678 427 719 Tuae
456 672 541 718 Mtis
584 677 684 732 (viri
726 675 990 718 nobilissimi
1019 676 1235 731 Georgius
1264 676 1492 718 Literatus
1521 680 1566 718 et
1596 690 1761 731 parens

67 749 158 791 eius
186 748 255 790 vir
282 748 431 804 gravis
459 752 504 790 et
533 747 730 803 prudens
759 746 1032 788 Benedictus
1061 747 1289 789 Literatus
1330 752 1375 789 et
1412 746 1496 789 viri
1525 746 1762 789 clarissimi

66 819 298 862 Emericus
322 819 493 874 Sulyok
517 833 620 860 curn
645 832 725 860 suo
749 817 928 871 comite)
959 817 1018 858 ad
1041 817 1364 872 imperatorem
1387 817 1760 859 Maximilianum.

68 891 313 932 Testantur
338 890 518 931 crebrae
544 889 700 931 literae
724 889 846 930 Tuae
873 883 958 929 Mtis
993 888 1051 930 ad
1076 903 1161 938 me,
1187 888 1246 929 ad
1266 892 1444 943 patrem
1466 888 1766 929 Laurentium

67 960 264 1015 Magium
295 959 617 1015 provincialem
636 959 846 1001 Austriae
870 963 914 1000 et
930 958 997 1001 'ad
1014 958 1326 1014 praepositum
1345 962 1551 1000 nostrum
1571 959 1764 1001 Genera-

20 1031 153 1076 1olem
187 1030 416 1086 scriptae;
454 1035 684 1072 testantur
717 1029 914 1072 vicissim
950 1029 1207 1084 frequentes
1242 1034 1423 1070 nostrae
1458 1028 1674 1083 epistolae
1709 1028 1768 1070 ad

0 1100 1 1106 ’
65 1102 208 1144 Tuam
251 1101 359 1143 Mtem
415 1102 572 1143 datae.
631 1102 846 1143 Testatur
888 1104 988 1142 tota
1030 1100 1218 1147 Vienna,
1278 1104 1475 1140 testatur
1518 1099 1765 1153 Hungaria‚

0 1164 2 1223 l
66 1176 262 1214 testatur
301 1172 648 1228 Transylvania,
711 1171 875 1226 quibus
916 1171 962 1212 in
1005 1169 1249 1225 provinciis
1289 1168 1604 1223 vulgatissima
1645 1169 1769 1210 fama

0 1258 2 1264 ’
65 1242 164 1292 fuit,
192 1242 282 1285 iam
309 1243 366 1285 ab
392 1247 497 1285 octo
532 1242 660 1284 annis
696 1242 813 1283 inter
851 1241 1098 1283 catholicos
1133 1246 1177 1281 et
1210 1240 1465 1282 haereticcs
1489 1240 1688 1293 Jesuitas
1720 1240 1766 1281 in

65 1314 441 1367 Transylvaniam
483 1315 542 1355 ab
587 1314 690 1355 Illmc>
734 1317 779 1354 et
821 1313 1044 1354 catholico
1083 1310 1285 1366 principe
1318 1309 1502 1351 domino
1535 1309 1768 1364 Stephano

19 1379 292 1426 15Bathoreo
326 1399 420 1426 esse
454 1383 696 1427 accersitos
729 1387 773 1424 et
808 1382 935 1424 brevi
967 1382 1255 1437 ingressuros.

180 1455 395 1497 Relatum
430 1459 501 1496 est
537 1454 647 1496 mihi
684 1454 741 1495 ab
778 1453 1039 1495 hominibus
1075 1452 1176 1500 fide,
1215 1450 1492 1494 auctoritate
1529 1455 1574 1492 et
1610 1450 1768 1491 nobili-

65 1529 160 1568 tate
194 1525 550 1580 praestantibus,
600 1524 678 1580 qui
726 1538 749 1566 e
783 1523 1118 1578 Transylvania
1151 1522 1377 1564 Viennam
1414 1521 1472 1563 ad
1506 1535 1588 1562 nos
1623 1520 1767 1562 venti-

66 1596 241 1644 tabant,
274 1596 498 1651 populum
528 1594 935 1650 Transylvanicum
966 1593 1261 1635 multitudine
1305 1593 1548 1635 haereseon
1588 1606 1768 1646 oppres-

67 1680 177 1715 sum,
213 1671 534 1721 sectarumque
568 1666 771 1708 omnium
805 1670 1076 1720 pertaesum,
1102 1678 1205 1705 curn
1226 1662 1470 1719 lachrymis
1492 1667 1536 1704 et
1560 1662 1763 1717 suspiriis

21 1741 270 1780 mnostrum
305 1737 558 1779 adventum
593 1741 901 1791 exspectasse:
952 1735 1201 1777 haereticos
1235 1748 1341 1776 vero
1376 1738 1502 1775 metu
1537 1734 1764 1788 perculsos

68 1807 223 1849 modos
254 1822 424 1857 omnes,
460 1822 550 1863 quo
583 1807 712 1849 nobis
745 1807 922 1849 aditum
954 1806 1000 1847 in
1032 1820 1219 1860 regnum
1251 1805 1362 1846 illud
1393 1803 1763 1846 florentissimum

69 1878 390 1934 percluderent,
416 1878 672 1934 excogitare
695 1877 917 1933 coepisse:
954 1877 1033 1918 sed
1065 1891 1156 1918 non
1178 1881 1245 1918 est
1278 1875 1534 1931 prudentia,
1570 1889 1661 1916 non
1694 1879 1762 1915 est

71 1948 301 1991 consilium
323 1954 486 1992 contra
507 1948 768 1991 Dominum.
793 1948 884 1991 Ubi
906 1947 1025 1989 enim
1048 1946 1401 1989 determinatum
1421 1960 1447 1988 a
1466 1947 1561 1987 Deo
1582 1950 1764 2000 tempus

72 2019 314 2068 advenen't,
347 2035 428 2062 nec
460 2019 687 2069 haeretici,
720 2034 801 2061 nec
832 2018 1055 2067 malevoli,
1088 2032 1169 2059 nec
1199 2022 1451 2072 potestates
1480 2023 1649 2064 aereae,
1682 2030 1763 2057 nec

24 2103 222 2133 250mnes
274 2090 524 2133 inferorum
578 2095 737 2146 portae
774 2090 1024 2145 ingressum
1061 2093 1269 2131 nostrum
1305 2087 1351 2129 in
1388 2086 1765 2142 Transylvaniam

70 2159 281 2216 impedire
311 2166 546 2217 poterunt.

182 2232 293 2274 Cum
325 2234 436 2275 haec
473 2237 518 2274 et
552 2232 714 2274 similia
745 2231 852 2274 viris
884 2245 1075 2286 magnae
1109 2228 1407 2276 auctoritatis,
1444 2228 1521 2283 qui
1554 2226 1762 2268 electioni

71 2301 189 2344 Tuae
222 2298 307 2345 Mtis
351 2303 634 2359 acquiescere
668 2317 759 2344 non
793 2306 1019 2358 poterant,
1068 2315 1148 2356 ego
1183 2304 1228 2341 et
1262 2304 1414 2354 patres
1448 2298 1589 2339 nostri
1623 2297 1762 2338 incul-

71 2386 268 2415 caremus
296 2379 341 2416 et
370 2374 485 2416 serio
513 2373 780 2429 persuadere
808 2373 1066 2421 niteremur,
1097 2371 1203 2412 Mtem
1240 2371 1277 2411 T
1279 2384 1385 2411 uam
1426 2381 1601 2423 semper
1629 2366 1764 2408 fuisse

27 2444 368 2487 aocatholicam:
404 2459 461 2487 en
493 2449 747 2499 opportune
779 2443 897 2485 circa
927 2442 1126 2484 medium
1160 2440 1470 2495 Septembrem
1502 2438 1572 2480 vir
1602 2437 1764 2479 nobilis

73 2512 275 2557 dominus
298 2516 500 2570 Joannes
530 2514 867 2557 Samosauscius
880 2516 916 2540 14
946 2511 1207 2554 tabellarius
1234 2511 1357 2552 Tuae
1386 2504 1470 2551 Mus
1492 2523 1595 2550 cum
1625 2508 1764 2549 literis

73 2583 130 2626 ad
163 2585 399 2628 Summum
437 2585 699 2641 pontificem
735 2583 1024 2639 supervenit;
1064 2582 1157 2624 eius
1194 2581 1418 2623 adventus
1454 2580 1521 2622 ita
1556 2578 1760 2621 omnium

73 2652 325 2699 invidorum
349 2671 429 2699 ora
457 2656 689 2704 conclusit,
714 2660 766 2696 ut
796 2669 850 2696 ne
879 2653 1044 2696 mutire
1073 2652 1256 2708 quidem
1286 2651 1494 2706 deinceps
1525 2650 1756 2692 auderent.

76 2723 128 2765 In
157 2740 209 2768 ea
237 2727 357 2770 enim
387 2727 579 2783 epistola
609 2727 720 2768 adeo
752 2725 944 2767 dilucide
973 2725 1072 2766 Tua
1101 2722 1315 2765 Maiestas
1346 2720 1607 2770 declaravit,
1632 2734 1678 2762 se
1708 2720 1766 2762 ab

30 2793 264 2840 azinfantia
297 2798 569 2841 catholicam
603 2797 739 2839 fidem
775 2795 974 2843 coluisse,
1013 2795 1273 2836 observasse
1311 2797 1355 2834 et
1392 2791 1672 2834 defendisse:
1710 2795 1763 2831 ut

77 2866 196 2908 nulla
226 2868 437 2924 cuiquam
467 2868 513 2910 in
543 2869 628 2910 hac
659 2868 782 2911 Urbe
803 2866 857 2908 de
877 2870 1053 2908 caetero
1074 2863 1330 2919 ambigendi
1349 2862 1523 2905 occasio
1542 2861 1763 2917 relinque-

76 2939 206 2979 retur.
246 2938 365 2981 Illud
400 2953 581 2995 quoque
617 2937 846 2981 constanti
880 2949 1058 2978 rumore
1092 2935 1210 2976 inter
1245 2934 1450 2982 Polonos,
1483 2932 1562 2988 qui
1594 2934 1766 2974 Romae

77 3011 191 3056 sunt,
230 3009 486 3064 percrebuit
523 3010 670 3052 Tuam
695 3007 802 3050 Mtem
836 3007 927 3050 iam
953 3006 1207 3061 designasse
1232 3005 1345 3047 duos
1370 3004 1491 3046 viros
1517 3002 1764 3045 catholicos

78 3077 350 3122 authoritate
387 3084 685 3135 praestantes,
724 3079 802 3135 qui
837 3077 1059 3133 legatione
1095 3075 1277 3118 nomine
1312 3080 1394 3117 tuo
1432 3074 1491 3117 ad
1528 3074 1766 3115 Summum

33 3147 331 3200 mpontificem
360 3151 624 3206 fungantur,
657 3150 735 3205 qui
765 3149 800 3191 si
830 3147 1110 3195 advenerint,
1143 3146 1295 3188 omnia
1323 3145 1477 3187 subita
1505 3143 1765 3185 invidorum

200 3232 232 3269 1⁴¹
260 3249 474 3295 Zamoyski
506 3251 629 3295 Janos
658 3249 858 3284 latinizalt
888 3259 999 3283 neve.
