2188 3535
362 255 405 288 18
1136 234 1210 267 No.
1247 234 1267 268 8
1720 223 1834 266 [1575
1867 217 1965 252 febr.
2001 225 2048 260 27

1185 344 1228 388 8.

870 439 1022 485 Ro‘ma,
1056 444 1171 489 1575
1199 430 1445 487 februarius
1476 440 1544 483 27.

361 542 405 580 P.
424 536 659 578 Mercurian
681 527 904 571 Eberhard
923 520 1331 577 jamim-generalis
1350 519 1545 568 Bathory
1565 514 1715 554 Istvan
1735 507 2054 562 sejedelemnek.

494 618 651 667 Kegyes
684 610 886 662 &hajtdsa‘t
915 606 1080 659 teljesiti
1110 619 1128 644 s
1160 618 1185 644 a
1216 603 1295 655 b6jt
1326 603 1427 642 uta‘n
1459 599 1558 639 kald
1587 596 1749 645 neha‘ny
1780 590 1983 644 jezsuita't.

495 695 800 742 Illustrissime
833 694 912 737 Dne
944 690 1139 739 domine,
1174 687 1237 732 mi
1268 687 1315 729 in
1347 683 1525 729 Christo
1557 674 1978 724 observandissime.

497 772 550 813 R.
584 769 639 811 D.
671 764 888 820 Georgius
916 761 1085 805 Fabius
1113 757 1398 816 praepositus
1426 750 1716 799 Bochnensis,
1748 746 1827 804 qui
1854 745 1902 787 in
1930 744 2059 786 Hun-

366 841 539 898 gariam
570 837 701 887 redit,
737 834 982 889 seduloque
1014 830 1086 874 hic
1119 844 1224 872 cum
1257 828 1444 870 Summo
1475 818 1722 880 pontifice1
1757 814 1981 871 religionis
2013 812 2060 854 in

368 909 602 967 Hungaria
643 912 688 950 et
728 902 1058 960 Transylvania
1098 897 1404 943 restituendae
1458 892 1690 949 negotium
1746 883 2059 945 pertractavit,

368 983 530 1026 referre
567 977 735 1036 poterit
773 975 929 1024 fusius,
970 987 1061 1030 quo
1098 984 1180 1013 nos
1218 967 1370 1012 animo
1408 977 1577 1012 sumus,
1617 967 1670 1004 ut
1708 971 1930 1016 perquam
1966 954 2064 1011 pios

369 1054 415 1096 in
436 1054 522 1095 hac
556 1065 603 1093 re
639 1051 722 1092 Do.
760 1048 813 1090 V.
840 1046 960 1088 Illmae
981 1047 1172 1086 conatus
1193 1053 1275 1096 pro
1296 1036 1439 1080 nostri
1460 1032 1662 1077 instituti
1683 1029 1858 1073 ratione
1880 1025 2064 1069 adiuve-
2080 1032 2116 1060 1⁰

372 1137 485 1167 mus.
522 1123 582 1164 Et
613 1117 824 1176 quamvis
862 1115 1062 1159 Societas
1099 1116 1255 1155 nostra
1292 1107 1429 1151 variis
1466 1105 1512 1147 in
1550 1102 1659 1146 locis
1696 1104 1767 1143 tot
1806 1095 2068 1142 muneribus
2187 1099 2188 1102 ’

373 1192 592 1249 susceptis
613 1191 678 1233 ita
701 1188 984 1236 distineatur,
1017 1189 1069 1227 ut
1101 1181 1281 1226 difficile
1317 1177 1447 1222 nobis
1477 1175 1535 1218 sit
1567 1174 1628 1217 ad
1657 1169 1927 1215 excolendas
1958 1165 2068 1208 alias

376 1265 531 1307 vineas
558 1262 744 1305 idoneos
771 1257 997 1315 operarios
1025 1254 1219 1301 mittere,
1250 1249 1416 1293 summi
1443 1253 1599 1290 tamen
1621 1240 1846 1300 pontificis
1870 1234 2072 1292 Gregorii

378 1335 513 1379 XIII.
549 1346 654 1388 erga
687 1331 772 1373 hoc
819 1326 1052 1384 negotium
1094 1335 1317 1381 propensa
1349 1319 1564 1362 voluntas
1596 1320 1642 1358 et
1676 1310 1952 1370 perbenigna
1985 1308 2069 1350 Do.

378 1408 431 1449 V.
453 1405 571 1448 Ill¹¹¹²³C
594 1404 648 1446 de
670 1405 826 1444 nostra
847 1398 1035 1442 minima
1058 1394 1282 1438 Societate
1312 1389 1463 1447 opinio
1493 1401 1570 1430 eae
1601 1389 1722 1433 sunt,
1753 1387 1806 1425 ut
1836 1379 2074 1434 utriusque
2087 1384 2123 1412 ¹5
2186 1369 2188 1404 ²

380 1474 592 1532 singulari
614 1471 775 1529 pietati
797 1484 887 1513 non
919 1466 1101 1525 possim,
1140 1475 1409 1521 quocunque
1445 1457 1611 1507 licebit,
1650 1453 1800 1498 officio
1835 1465 1887 1494 ac
1923 1446 2076 1492 studio

380 1546 662 1602 respondere,
685 1542 840 1597 itaque
860 1540 952 1582 iam
972 1541 1192 1595 parantur
1211 1549 1234 1577 e
1255 1531 1433 1580 nostris,
1457 1529 1535 1586 qui
1556 1531 1658 1584 post
1682 1520 2077 1582 quadragesimam

381 1618 530 1660 isthuc
567 1628 660 1657 sese
701 1611 913 1668 (Domino
950 1608 1096 1665 gratia
1131 1603 1407 1661 adspirante)
1443 1601 1620 1643 dabunt
1657 1597 1704 1639 in
1735 1593 1896 1637 viam.²
1924 1592 2077 1646 Atque

384 1693 436 1731 ut
464 1687 536 1730 hic
567 1682 848 1728 orationibus
876 1686 921 1723 et
951 1677 1119 1722 sanctis
1148 1673 1374 1719 sacrificiis
1402 1671 1532 1714 initia
1561 1674 1660 1711 tam
1689 1669 1853 1722 optata
1881 1659 2079 1706 Domino

386 1754 819 1802 commendabimus,
853 1751 919 1794 ita
956 1762 1092 1806 opera
1129 1747 1263 1796 dabo,
1301 1748 1353 1786 ut
1385 1744 1433 1786 P.
1466 1738 1737 1784 Laurentius
1775 1733 1963 1790 Magius,
2002 1729 2131 1787 quizo

388 1828 605 1872 nonnulla
644 1824 787 1868 nostri
827 1820 994 1865 ordinis
1033 1817 1217 1873 collegia
1256 1815 1302 1857 in
1341 1811 1526 1857 Austria
1556 1807 1861 1855 administrat,
1893 1801 2079 1858 reliqua,

389 1913 505 1956 quae
528 1898 587 1941 ad
608 1898 725 1939 hanc
748 1898 1007 1938 nostrorum
1030 1888 1290 1933 missionem
1312 1883 1619 1941 pertinebunt,
1639 1878 1874 1934 diligenter
1890 1885 2083 1929 exequa-

391 1977 477 2012 tur.
511 1967 734 2012 Dominus
763 1966 897 2020 Jesus
925 1960 1202 2004 uberrimam
1230 1957 1377 1999 lucem
1407 1968 1459 1997 ac
1489 1952 1606 1995 vires
1635 1955 1734 1993 tam
1763 1945 1969 1990 felicibus
1997 1944 2081 1986 Do.

391 2043 444 2084 V.
485 2041 604 2082 Illm²³⁹
640 2035 812 2093 coeptis
848 2031 1094 2090 impertiat,
1120 2041 1311 2084 eamque
1335 2024 1626 2081 superstitem
1649 2025 1696 2064 et
1719 2021 1833 2062 bene
1856 2016 2086 2059 valentem

394 2112 453 2154 ad
495 2123 676 2153 ornnem
718 2106 823 2149 fidei
865 2101 1215 2149 restitutionem,
1260 2095 1533 2154 pietatisque
1577 2088 1953 2149 propagationem
1996 2082 2084 2132 isti,
2103 2091 2140 2120 25

395 2180 671 2236 caeterisque
705 2175 910 2220 finitimis
943 2170 1185 2230 provinciis
1219 2166 1469 2212 diutissime
1503 2163 1735 2207 concedat.

525 2253 712 2298 Romae,
747 2259 814 2302 27.
849 2246 920 2289 die
951 2240 1183 2288 Februarii
1217 2250 1339 2294 1575.

666 2335 898 2379 (Hivatalos
927 2332 1113 2371 masolat,
1143 2339 1167 2363 a
1196 2324 1491 2374 Jezsuita-rend
1520 2320 1827 2361 leveltaraban.)

2090 680 2109 707 5

1230 2449 1271 2490 9.

835 2539 1172 2597 Gyulasejdrvdr,
1206 2546 1321 2591 1575
1351 2532 1563 2576 marczius
1594 2541 1663 2584 27.

405 2640 597 2689 Bathory
616 2636 767 2675 Istvan
786 2631 1008 2684 fejedelem
1029 2630 1074 2669 P.
1098 2626 1265 2679 Maggio
1285 2623 1461 2664 Lorincz
1481 2619 1682 2660 ausztriai
1702 2612 2098 2669 provinczialisnak.

538 2717 655 2764 Κὲνί,
680 2715 851 2766 kizldjfin
877 2713 921 2753 be
944 2723 997 2752 12
1027 2709 1231 2763 jezsuita't,
1262 2705 1411 2746 kiknek
1441 2703 1531 2755 jobb
1562 2701 1688 2752 helyet
1719 2692 2103 2750 Gyulafejeirva'rna'l
2177 2642 2182 2799 ἓ

2177 2801 2181 2854 ἱ

2176 2858 2180 2895 l

2113 2527 2149 2556 3⁰

408 2793 499 2820 nem
528 2779 565 2818 is
597 2776 795 2828 ajdnlhat.

540 2860 802 2906 Reverende
844 2857 914 2900 vir
956 2855 1086 2899 nobis
1127 2850 1400 2896 honorande.
1448 2847 1651 2890 Salutem
1694 2848 1739 2886 et
1782 2839 1926 2885 nostri
1967 2839 2100 2881 bene-

412 2934 563 2978 volam
598 2928 1052 2975 commendationem.

414 2984 2107 3018 ΗΜ

543 3035 556 3056 ¹
584 3032 723 3066 Ekkor
751 3028 871 3063 XIII.
902 3027 1084 3072 Gergely.

543 3081 558 3103 ²
584 3080 741 3116 Mikent
767 3077 987 3111 ekkoriban
1015 3076 1127 3118 (1575
1157 3069 1380 3106 februarius
1412 3065 1544 3111 13-an)
1571 3064 1614 3098 P.
1644 3060 1860 3097 Nadalnak
1885 3059 1978 3098 irta,
2004 3066 2101 3100 2--3
2175 3092 2178 3100 .

416 3129 535 3176 atyat
564 3129 683 3163 akart
713 3124 889 3164 kiildeni,
930 3122 1080 3156 kiknek
1105 3117 1329 3162 vezetdjeiil
1360 3115 1403 3149 P.
1438 3112 1572 3147 Pisani
1600 3110 1790 3145 Alfonzot
1819 3106 2008 3141 szemelte
2040 3103 2106 3142 ki;

418 3176 624 3224 Epistolae
651 3174 694 3208 P.
721 3170 958 3216 Hieronymi
983 3167 1116 3203 Nadal
1141 3166 1178 3201 S.
1207 3165 1244 3211 J.
1273 3163 1349 3198 III.
1376 3163 1414 3196 k.
1444 3159 1630 3205 (Madrid.
1661 3156 1788 3201 1902.)
1813 3155 1900 3197 687.
1927 3153 1952 3186 l.
1979 3171 2030 3176 —
2047 3150 2106 3184 De
2174 3159 2178 3192 ς

417 3222 677 3270 bejoveteliik
704 3220 828 3255 ekkor
855 3216 1067 3253 elmaradt.
2123 3193 2178 3282 4⁰3

2117 2916 2154 2946 ³⁵
2173 2903 2180 3002 i

2174 3003 2179 3115 ἔ

2172 3351 2176 3442 3

2172 3447 2176 3470 2

2169 3474 2176 3535 J
