2188 3535
358 211 429 246 268
1126 200 1199 233 ΝΟ.
1230 201 1276 233 88
1674 199 1789 245 [1583
1823 198 1965 233 marez.
2004 209 2048 246 15

357 340 474 369 reses
516 324 750 367 confutare
783 324 827 362 et
861 317 1051 372 antiqua
1082 316 1410 359 catholicorum
1441 316 1607 359 ieiunia
1639 321 1683 358 et
1716 315 1833 358 festa
1864 316 2049 359 resusci-

359 402 455 438 tare
478 400 522 437 et
546 389 882 447 diligentissime
906 388 1144 429 observare
1168 386 1468 429 studuerunt:
1503 401 1606 442 ergo
1630 386 1750 429 idem
1774 391 1819 429 et
1842 387 1928 429 hoc
1951 387 2050 429 loco

356 465 611 508 faciendum
640 465 719 503 est.

488 544 525 585 5.
555 531 724 573 Tollere
765 543 821 571 ex
860 528 1012 583 aliqua
1050 527 1283 583 provincia
1308 528 1427 571 festa
1452 532 1762 584 patronorum,
1791 527 1869 584 qui
1894 528 1966 570 vel
1992 542 2047 570 ex

357 605 430 646 illa
460 604 641 644 fuerunt
670 599 867 647 natione,
898 598 969 640 vel
997 612 1077 653 per
1104 612 1218 654 quos
1244 598 1480 654 provincia
1506 599 1582 640 illa
1610 599 1670 640 ad
1697 598 1833 641 fidem
1861 603 1929 640 est
1957 603 2048 641 tra·
2080 619 2101 647 5

357 675 506 720 ducta,
545 670 728 726 perinde
764 674 831 711 est
867 673 1006 724 atque
1041 669 1220 724 privare
1254 669 1378 712 illam
1413 668 1605 725 propriis
1639 669 1855 725 patronis,
1880 683 1936 711 ne
1971 683 2050 724 per

354 744 530 785 illorum
574 739 941 782 intercessionem
987 740 1111 794 apud
1156 740 1305 782 Deum
1350 739 1497 782 iuvari
1543 739 1698 795 possit,
1747 740 1871 795 quod
1915 739 2049 782 valde

354 813 530 856 crudele
557 816 602 853 et
631 811 933 852 inhumanum
959 809 1142 851 videtur
1168 824 1290 852 esse:
1321 810 1459 866 igitur
1485 810 1668 852 cuilibet
1696 809 1954 866 provinciae
1981 809 2050 852 sui

355 883 511 931 sancti,
548 896 722 937 suaque
756 880 873 923 festa
905 880 1200 936 relinquenda
1233 886 1353 923 sunt.

486 954 524 995 6.
560 951 808 995 Concilium
838 951 1169 1000 Tridentinum,
1204 951 1372 993 Paulus
1403 951 1479 993 IV.
1514 957 1560 994 et
1592 951 1699 994 Pius
1728 914 1781 993 V.
1815 951 2051 1007 pontifices
2065 971 2102 999 10

355 1024 542 1066 maximi
577 1027 829 1065 tractantes
865 1022 920 1064 de
955 1021 1275 1064 reformatione
1310 1021 1503 1064 missalis
1537 1026 1583 1064 et
1619 1022 1838 1064 Brevian'i
1879 1022 2051 1064 nullam

355 1095 528 1137 faciunt
558 1093 836 1136 mentionem
867 1092 922 1135 de
953 1092 1185 1135 abolendis
1215 1092 1342 1134 festis
1371 1092 1561 1134 alicuius
1590 1093 1876 1148 provinciae:
1910 1092 2050 1135 immo

354 1179 433 1208 nec
468 1164 666 1207 missalia
700 1168 779 1206 aut
814 1163 1038 1206 breviaria
1070 1163 1409 1219 provinciarum
1443 1168 1627 1205 censent
1662 1163 1897 1213 abolenda,
1933 1177 2051 1219 quae

354 1241 460 1278 ante
490 1249 632 1278 annos
662 1247 745 1277 200
774 1234 957 1276 fuerunt
986 1233 1033 1276 in
1061 1248 1159 1276 usu.
1194 1235 1256 1276 At
1286 1234 1465 1276 Missale
1494 1239 1539 1277 et
1570 1234 1854 1277 Breviarium
1884 1234 2051 1290 Strigo-

355 1306 507 1349 niense
529 1321 618 1348 non
641 1306 786 1347 solum
807 1309 914 1347 ante
936 1317 1033 1354 200,
1057 1305 1136 1347 sed
1156 1305 1295 1347 etiam
1317 1309 1424 1347 ante
1445 1317 1531 1360 400
1552 1319 1694 1347 annos
1715 1319 1820 1348 cum
1840 1304 2050 1348 omnibus
2066 1324 2103 1352 15

356 1377 447 1419 suis
475 1376 736 1419 ceremoniis
763 1380 808 1418 et
836 1375 963 1418 festis
990 1375 1078 1417 fuit
1105 1375 1151 1417 in
1178 1390 1263 1418 usu
1290 1380 1512 1431 perpetuo
1538 1375 1586 1418 in
1613 1375 1814 1432 Ungaria
1839 1380 1885 1418 et
1911 1376 2052 1418 Tran-

356 1447 590 1503 sylvania:
628 1447 765 1502 igitur
797 1451 842 1488 et
876 1461 996 1488 nunc
1029 1446 1076 1488 in
1109 1460 1190 1488 suo
1223 1447 1382 1489 robore
1415 1446 1570 1489 omnia
1602 1451 1708 1489 sunt
1742 1446 2049 1502 relinquenda.

488 1529 526 1573 7.
552 1518 674 1560 Finis
691 1517 909 1559 festorum
931 1522 1013 1566 est,
1030 1522 1082 1559 ut
1097 1517 1302 1560 homines
1318 1531 1540 1560 memores
1561 1523 1710 1560 essent
1733 1517 2052 1561 beneficiorum

355 1588 439 1631 Dei
474 1594 518 1630 et
554 1603 635 1644 pro
670 1589 739 1630 his
774 1588 813 1630 ei
849 1588 942 1630 sine
977 1588 1307 1631 intermissione
1341 1588 1512 1644 gratias
1546 1593 1743 1644 agerent.
1788 1589 1936 1644 Quare
1971 1602 2052 1644 pro

355 1659 619 1701 diversitate
657 1659 990 1708 beneficiorum,
1032 1673 1148 1715 quae
1186 1658 1410 1701 Dominus
1448 1659 1494 1701 in
1532 1659 1752 1715 populum
1792 1659 2103 1705 Haebreum2o

355 1730 624 1778 contulerat,
649 1729 777 1772 varia
799 1729 938 1772 etiam
962 1729 1078 1772 festa
1100 1730 1400 1772 mandaverat
1424 1730 1677 1779 observare,
1702 1734 1754 1772 ut
1777 1729 1929 1772 videre
1952 1734 2019 1772 est
2041 1743 2048 1772 :

354 1801 464 1842 Gen.
499 1813 553 1851 2;
587 1801 733 1843 Exod.
767 1813 836 1850 20,
870 1813 954 1851 22;
988 1800 1133 1843 Levit.
1168 1811 1251 1854 25;
1286 1802 1421 1843 Num.
1456 1802 1524 1850 28,
1558 1812 1598 1855 7,
1634 1811 1686 1854 15
1718 1805 1763 1843 et
1794 1813 1849 1854 3;
1884 1802 1992 1856 Reg.
2026 1801 2052 1842 8

354 1875 398 1913 et
427 1883 451 1913 2
473 1885 482 1921 ;
511 1872 618 1913 Esd.
649 1872 687 1913 8.
717 1872 778 1913 Et
804 1871 1071 1927 praesertim
1107 1873 1243 1914 Deut.
1288 1872 1327 1914 6.
1358 1873 1537 1928 Moyses
1562 1871 1632 1914 his
1657 1871 1807 1914 verbis
1833 1872 2052 1928 populum

356 1942 415 1983 ad
452 1942 760 1985 observandas
798 1943 1074 1985 ceremonias
1111 1943 1323 1984 hortatur
1361 1942 1541 1985 dicens:
1585 1942 1771 1985 Custodi
1809 1947 2053 1998 praecepta

356 2012 527 2054 domini
556 2012 640 2055 Dei
670 2012 738 2054 tui
767 2027 819 2055 ac
849 2013 1111 2056 testimonia
1140 2018 1184 2056 et
1214 2013 1502 2062 ceremonias,
1534 2028 1649 2069 quas
1677 2013 1906 2069 praecepit
1935 2012 2019 2055 tibi
2039 2027 2103 2064 ;2;‚

355 2087 399 2124 et
427 2083 511 2133 fac,
531 2084 655 2139 quod
680 2083 900 2139 placitum
927 2089 995 2127 est
1022 2088 1067 2126 et
1093 2084 1266 2126 bonum
1292 2084 1338 2126 in
1365 2089 1610 2140 conspectu
1633 2083 1830 2133 Domini,
1859 2088 1911 2126 ut
1938 2084 2052 2126 bene

357 2153 413 2195 sit
454 2153 539 2195 tibi
578 2158 622 2196 et
661 2154 885 2210 ingressus
923 2155 1153 2211 possideas
1191 2159 1360 2197 terram
1395 2155 1631 2211 optimam,
1667 2155 1722 2198 de
1753 2169 1845 2211 qua
1882 2154 2050 2197 iuravit

357 2224 578 2266 Dominus
608 2225 815 2280 patribus
845 2225 949 2275 tuis,
973 2230 1025 2267 ut
1057 2226 1223 2268 deleret
1254 2240 1411 2268 omnes
1439 2225 1645 2268 inimicos
1674 2231 1778 2268 tuos
1808 2240 1960 2268 coram
1990 2230 2048 2274 te,

357 2294 471 2336 sicut
501 2295 681 2338 locutus
711 2300 792 2339 est.
841 2297 953 2339 Cum
983 2296 1328 2352 interrogaverit
1373 2301 1419 2339 te
1449 2297 1567 2339 filius
1597 2301 1718 2346 tuus,
1741 2311 1840 2339 cras
1871 2296 2047 2339 dicens:

356 2365 467 2419 quid
506 2366 590 2407 sibi
637 2367 799 2409 volunt
839 2367 1101 2410 testimonia
1139 2368 1251 2410 haec
1290 2372 1335 2409 et
1375 2367 1653 2410 ceremoniae
1693 2372 1831 2424 atque
1870 2367 2049 2416 iudicia,
2065 2385 2103 2413 30

355 2449 471 2489 quae
488 2437 716 2492 praecepit
733 2437 956 2480 Dominus
972 2439 1095 2480 Deus
1117 2442 1271 2480 noster
1292 2438 1456 2481 nobis?
1483 2438 1616 2481 Dices
1632 2438 1671 2481 ei
1689 2452 1696 2480 :
1724 2437 1849 2481 Servi
1873 2451 2052 2480 eramus

357 2505 635 2548 Pharahonis
666 2507 713 2549 in
744 2510 954 2565 Aegypto
986 2513 1032 2551 et
1064 2508 1223 2551 eduxit
1255 2523 1337 2551 nos
1382 2509 1606 2551 Dominus
1651 2509 1705 2552 de
1749 2510 1959 2565 Aegypto
2004 2508 2051 2551 in

357 2589 495 2616 manu
514 2576 619 2618 forti
641 2592 649 2627 ;
671 2578 867 2635 fecitque
885 2579 1012 2635 signa
1029 2584 1075 2622 et
1093 2579 1298 2635 prodigia
1316 2594 1482 2635 magna
1499 2584 1544 2622 et
1563 2580 1759 2635 pessima
1776 2579 1822 2621 in
1839 2581 2050 2635 Aegypto

358 2650 516 2687 contra
549 2647 863 2692 Pharahonem
896 2655 942 2692 et
975 2665 1156 2692 omnem
1191 2650 1378 2692 domum
1411 2649 1506 2692 eius
1538 2650 1584 2692 in
1617 2654 1862 2706 conspectu
1894 2655 2050 2692 nostro

357 2719 401 2755 et
424 2716 579 2757 eduxit
603 2732 683 2759 nos
703 2718 820 2768 inde,
843 2725 896 2762 ut
917 2720 1190 2763 introductis
1211 2721 1340 2763 daret
1362 2725 1543 2770 terram,
1568 2734 1702 2776 super
1722 2734 1860 2776 quam
1881 2719 2048 2762 iuravit
2063 2738 2101 2765 35

358 2785 563 2839 patribus
590 2789 780 2839 nostris;
814 2791 1132 2847 praecepitque
1159 2791 1289 2833 nobis
1318 2791 1552 2841 Dominus,
1577 2796 1629 2833 ut
1652 2791 1871 2833 faciamus
1896 2790 2050 2833 omnia

356 2854 556 2909 legitima
584 2857 692 2899 haec
722 2864 766 2900 et
795 2860 1038 2903 timeamus
1065 2861 1313 2904 Dominum
1342 2863 1490 2904 Deum
1518 2866 1738 2910 nostrum,
1768 2865 1820 2903 ut
1849 2861 1962 2903 bene
1990 2861 2048 2903 sit

358 2925 499 2973 nobis,
533 2927 707 2969 cunctis
739 2929 896 2973 diebus
926 2932 1049 2974 vitae
1080 2936 1274 2980 nostrae,
1308 2931 1424 2973 sicut
1455 2936 1523 2973 est
1553 2931 1699 2974 hodie.

490 2995 656 3038 Similis
684 2999 799 3041 ratio
829 3000 915 3042 fuit
943 3001 1243 3044 institutionis
1272 3001 1491 3044 festorum
1519 3001 1566 3044 in
1594 3003 1726 3045 Novo
1755 3006 2045 3052 testamento,

358 3069 409 3105 ut
443 3066 713 3109 Nativitatis
744 3069 940 3120 Domini,
975 3071 1344 3121 Circumcisionis,
1392 3071 1766 3128 Epiphaniamm,
1813 3072 2099 3129 passionis,4o

358 3136 705 3186 resurrectionis,
733 3139 1019 3184 Pentecostes
1041 3147 1084 3185 et
1108 3141 1406 3192 Ascensionis‚
1429 3146 1482 3184 ut
1504 3147 1725 3199 perpetuo
1753 3143 1800 3186 in
1830 3143 2048 3187 memoria
