2188 3535
120 198 329 246 1579j1'in.
369 201 430 244 18]
886 199 960 234 No.
997 211 1044 245 23
1762 207 1808 242 73

117 316 313 372 episcopi
339 317 573 373 tantisper,
603 317 744 360 donec
770 318 942 360 reditus
968 321 1117 360 essent
1144 314 1418 357 sufficientes
1444 327 1525 369 pro
1551 313 1640 356 rati
1667 313 1809 369 digni-

117 392 213 430 tate
252 388 506 444 conquisiti,
548 388 628 431 sed
665 394 905 430 vacaretur
943 388 1125 430 nomine
1164 384 1447 441 suffraganei.
1488 384 1624 440 Quod
1653 390 1808 426 autem

115 459 224 500 haec
246 458 381 501 fuerit
402 473 528 502 mens
553 460 669 502 Suae
690 460 719 501 lv
739 453 787 508 tis,
810 459 1050 501 manifeste
1078 457 1302 512 colligitur
1322 470 1377 498 ex
1398 469 1451 498 ea
1471 455 1806 504 informatione,

115 543 253 584 quam
292 529 418 571 dedit
447 530 570 573 Tuae
601 530 722 572 Illmae
747 529 1072 572 Dominationi.
1104 529 1214 571 Vult
1245 527 1378 575 enirn,
1413 530 1466 568 ut
1496 526 1808 581 suffraganeus

66 626 83 653 5
113 599 198 649 ille,
235 614 370 655 quem
402 601 519 656 petit
551 615 632 656 pro
665 601 1007 656 Transylvania,
1044 599 1360 655 praesbyteros
1393 596 1601 639 ordinare
1629 601 1674 638 et
1697 597 1810 639 alios

113 670 291 713 ordines
317 685 466 713 sacros
492 672 691 715 conferre
717 672 873 727 possit.
902 671 1044 727 Atqui
1069 671 1180 712 haec
1206 668 1355 710 nullus
1382 672 1611 724 praestare
1637 672 1804 723 potest,

114 740 191 797 qui
221 756 312 783 non
343 742 401 783 sit
433 742 681 798 episcopus,
727 756 854 785 mens
888 756 991 797 ergo
1023 742 1139 783 Suae
1170 734 1254 782 Mtis
1284 744 1366 788 est,
1399 743 1451 780 ut
1483 738 1632 780 dictus
1663 737 1806 780 archi-

113 811 328 855 diaconus
359 827 491 855 verus
522 818 697 856 creetur
727 813 962 869 episcopus
993 817 1037 854 et
1068 811 1218 854 officia
1248 814 1454 852 exerceat
1485 808 1695 864 episcopi,
1728 810 1808 851 sed

112 883 293 925 nomine
321 884 397 926 illo
429 884 488 926 ad
518 889 699 940 tempus
729 898 820 926 non
849 888 1022 926 utatur.

65 981 99 1009 10
234 955 421 1010 Quarto.
467 955 641 997 Poterit
685 956 776 997 Sua
818 955 1047 997 Sanctitas
1089 952 1374 1009 praedictum
1418 950 1609 993 Paulum
1658 963 1809 992 creare

111 1024 373 1081 episcopum
409 1026 778 1075 Moldaviensem,
813 1030 893 1068 aut
930 1024 1280 1071 Tinniniensem‚
1318 1026 1398 1063 aut
1432 1020 1803 1069 Chanadiensem,

111 1095 188 1151 qui
229 1096 519 1152 episcopatus
545 1102 651 1139 sunt
677 1097 762 1139 sub
787 1098 947 1146 Turca,
975 1101 1020 1137 et
1047 1094 1254 1137 ordinare
1283 1096 1442 1147 postea
1471 1090 1664 1132 eundem
1692 1091 1809 1132 Pau-

109 1166 205 1209 lum
230 1168 566 1223 suffraganeum
595 1167 1064 1223 Transylvaniensem‚
1097 1170 1149 1206 ut
1182 1161 1405 1219 siquidem
1437 1160 1587 1202 officia
1609 1160 1807 1215 episcopi

110 1243 315 1280 exerceat
360 1238 406 1280 in
448 1238 790 1294 Transylvania.
843 1235 1240 1294 Quemadmodum
1285 1231 1419 1274 multi
1465 1236 1570 1273 sunt
1610 1230 1807 1286 episcopi

63 1331 96 1358 15
110 1312 154 1350 et
205 1309 528 1365 archiepiscopi
578 1309 625 1351 in
677 1309 826 1357 Italia,
880 1308 958 1364 qui
1008 1306 1167 1348 titulos
1216 1307 1490 1346 mutuantur
1534 1315 1589 1343 ex
1626 1301 1806 1350 Turcia,

109 1383 190 1421 aut
231 1380 420 1422 Graecia
451 1385 496 1422 et
540 1385 646 1422 sunt
691 1378 962 1434 suffraganei
1006 1377 1052 1418 in
1097 1375 1261 1423 Italia;
1309 1374 1370 1415 sic
1411 1377 1455 1414 et
1499 1371 1806 1414 Cracoviensis

109 1450 418 1506 suffraganeus
461 1451 626 1493 dicitur
666 1450 902 1506 episcopus
944 1446 1246 1495 Leodicensis,
1291 1458 1394 1487 cum
1436 1443 1531 1499 ipse
1572 1456 1807 1498 nunquam

109 1520 243 1563 fuerit
267 1522 528 1564 Laodiceae.

223 1593 349 1635 Haec
394 1597 514 1642 sunt,
561 1592 630 1635 vir
674 1592 788 1641 Illum,
836 1605 952 1647 quae
996 1589 1107 1632 mihi
1166 1588 1221 1629 de
1266 1585 1531 1643 quaestione
1575 1582 1810 1640 proposita

61 1662 299 1713 20dicenda
332 1668 635 1706 occurrerunt.

223 1735 291 1777 De
325 1734 507 1790 negotio
541 1739 696 1777 nostro
731 1730 1142 1789 Transylvaniensi,
1185 1729 1221 1771 si
1255 1728 1459 1771 nondum
1495 1726 1600 1768 Illma
1628 1725 1807 1779 E[xcel-

108 1804 263 1859 lentia]
313 1806 410 1848 Tua
457 1805 604 1861 coepit
652 1820 755 1848 cum
802 1809 957 1846 nostro
1005 1801 1213 1846 Generali
1260 1804 1471 1847 tractare,
1516 1796 1808 1852 aggrediatur

109 1875 292 1918 obsecro
331 1877 602 1932 quantocius
638 1881 803 1932 potest.
843 1877 1001 1918 Patres
1025 1873 1145 1915 enim
1170 1876 1215 1913 et
1239 1871 1415 1919 fratres,
1455 1868 1533 1924 qui
1570 1867 1808 1909 nobiscum

109 1945 216 1988 ituri
250 1952 356 1989 sunt
389 1949 437 1989 in
470 1947 862 2003 Transylvaniam,
897 1944 1086 2001 dispersi
1120 1947 1226 1985 sunt
1261 1942 1308 1983 in
1337 1939 1524 1983 diversis
1547 1936 1805 1994 provinciis,

61 2022 154 2061 25et
179 2017 258 2060 vix
283 2032 363 2073 per
388 2018 501 2060 duos
526 2032 701 2060 menses
727 2022 943 2073 poterunt
968 2015 1192 2058 Viennam
1218 2010 1490 2067 congregari.

224 2089 478 2131 Meminerit
519 2094 754 2145 praeterea
795 2089 895 2130 Tua
922 2085 1186 2129 Dominatio
1216 2084 1319 2125 mma
1348 2081 1583 2124 dominum
1613 2079 1806 2122 Paulum

109 2158 363 2212 Jordanum
388 2165 433 2202 et
458 2174 530 2202 me
554 2174 646 2202 una
671 2160 730 2202 ad
754 2158 997 2215 prandium
1021 2156 1173 2212 aliquo
1199 2154 1270 2196 die
1295 2166 1470 2201 vocare,
1504 2155 1556 2193 ut
1582 2149 1807 2205 possimus

109 2243 212 2272 cum
233 2230 308 2273 illo
331 2245 474 2286 agere,
500 2231 555 2273 de
576 2230 761 2286 praedio
783 2230 1007 2285 galerano,
1032 2226 1156 2283 quod
1177 2225 1368 2267 maiores
1404 2223 1498 2264 eius
1530 2220 1636 2263 olim
1666 2219 1806 2260 dona-

109 2305 269 2343 verant
312 2301 546 2344 monachis
589 2301 830 2356 Hungaris,
872 2299 1040 2342 Montis
1067 2296 1215 2340 Coelii.
1259 2296 1396 2350 Spero
1439 2292 1559 2334 enim
1595 2304 1677 2333 nos
1719 2290 1804 2330 hac

61 2371 340 2415 aooccasione
387 2372 517 2414 facile
564 2372 603 2414 ei
649 2385 952 2427 persuasuros,
1002 2373 1054 2410 ut
1102 2367 1218 2409 sicut
1266 2366 1356 2408 Sua
1390 2362 1618 2406 Sanctitas
1652 2359 1806 2401 omnia

108 2441 227 2485 bona
260 2443 439 2485 illorum
481 2443 673 2485 fratrum
707 2441 945 2484 seminario
968 2438 1194 2494 Ungarico
1218 2433 1480 2491 applicavit,
1505 2432 1571 2474 ita
1593 2430 1806 2472 dominus

108 2512 336 2566 Jordanus
371 2528 503 2556 suum
539 2513 775 2569 praedium
809 2511 1024 2554 libentius
1046 2509 1104 2551 sit
1127 2506 1366 2550 seminario
1388 2504 1639 2550 relicturus,
1664 2514 1805 2556 quam

109 2583 284 2626 duobus
320 2590 400 2627 aut
436 2585 582 2627 tribus
617 2583 850 2626 monachis
879 2580 1024 2624 ebriis.
1057 2578 1217 2621 Valere
1249 2577 1381 2632 cupio
1411 2576 1556 2618 Tuam
1587 2571 1807 2614 Domina-

109 2653 278 2698 tionem
310 2656 445 2697 111ωὲῙΠ
480 2656 680 2698 feliciter.

61 2739 96 2767 35
222 2727 261 2768 E
292 2726 642 2782 poenitentiaria
674 2727 715 2768 S.
751 2724 873 2767 Petri
906 2733 1030 2778 1579,
1067 2721 1138 2763 18³
1170 2719 1308 2774 Junii.

222 2797 346 2840 Tuae
380 2798 500 2840 111ΜΘ
533 2795 846 2841 Dominationi

1350 2855 1687 2902 addictissimus

1291 2930 1549 2986 Stephanus
1580 2927 1760 2969 Arator.

111 3046 315 3091 (Egykori'i
346 3046 533 3086 meisolat,
563 3044 692 3079 romai
721 3041 907 3077 vatikani
931 3037 1136 3084 konyvtar
1158 3036 1251 3070 vat.
1280 3035 1351 3069 lat.
1381 3034 1493 3077 6205.
1523 3032 1608 3065 kot.
1643 3039 1684 3072 17
1693 3037 1725 3073 5.
1758 3028 1803 3070 1.)
