2188 3535
318 262 368 293 44
1090 242 1165 275 No.
1199 252 1242 284 14
1673 239 1791 285 [1576
1814 241 1940 284 szept.
1968 249 2011 283 13

322 366 374 408 iis
409 365 537 408 nobis
572 364 680 411 vita,
718 359 1053 417 patrimonium,
1090 357 1287 405 libertas
1328 356 1490 400 civitas
1524 356 1696 399 tradita
1730 361 1811 405 est,
1849 356 1885 398 si
1919 370 2009 405 eos,

320 450 511 492 quorum
546 433 727 475 consilio
761 430 866 472 boni
900 428 1071 483 aliquid
1103 427 1333 470 consecuti
1366 441 1536 476 sumus,
1573 426 1609 469 si
1655 426 1823 469 amicos
1873 426 2007 482 ipsos,

320 520 346 548 a
378 505 541 560 quibus
574 516 704 556 saepe
737 499 970 554 magnifice
1003 497 1232 540 honestati
1265 511 1435 547 sumus,
1470 498 1740 540 immensum
1774 497 2008 553 quoddam

320 581 363 617 et
388 574 611 615 infinitum
635 575 715 618 est,
741 569 863 624 quod
884 570 981 610 Deo
1004 568 1232 617 debemus,
1257 568 1383 610 cuius
1405 568 1596 610 benficio
1619 568 1774 610 omnia
1795 567 2005 622 corporis,

318 644 453 686 animi
481 647 524 683 et
553 646 739 682 externa
766 640 886 681 bona
912 639 1141 681 consecuti
1169 653 1336 681 sumus.
1388 639 1535 681 Multa
1558 638 1725 689 amicis,
1751 652 1841 680 non
1863 652 2009 694 pauca
2042 649 2063 676 5

319 713 502 769 patriae,
526 724 690 765 magna
710 708 986 764 propinquis,
1010 709 1204 764 plurima
1224 709 1439 764 sanguine
1461 709 1639 757 iunctis,
1663 708 2009 751 innumerabilia

317 782 590 838 parentibus,
628 780 780 822 omnia
815 781 910 821 Deo
945 779 1191 822 immortali
1226 780 1454 822 debemus.
1487 780 1559 822 Ab
1589 780 1686 835 ipso
1721 779 1841 821 enim
1876 793 2009 821 omne

317 854 475 894 datum
518 850 742 906 optimum
769 855 812 892 et
840 864 972 892 omne
999 849 1169 892 donum
1195 850 1446 905 perfectum
1487 850 1721 892 desursum
1761 849 2005 892 descendit.

318 922 463 977 Ipsius
497 926 602 963 sunt
637 919 790 963 omnia
822 934 958 975 regna
992 920 1151 962 mundi
1186 926 1231 962 et
1266 920 1337 962 cui
1372 921 1578 969 voluerit,
1616 920 1744 962 dabit
1779 920 1866 962 illa.
1905 920 2008 975 Ipse

314 992 502 1034 humiles
525 997 569 1034 et
592 996 836 1033 trementes
856 992 965 1046 [per]
986 1005 1237 1033 sermonem
1266 1005 1398 1033 suum
1421 991 1550 1047 erigit
1573 997 1617 1033 et
1641 991 1814 1033 exaltat
1836 1005 1845 1042 ;
1868 991 2010 1033 elatos
2026 1004 2062 1032 ιο

314 1069 467 1105 autem
511 1068 554 1104 et
600 1067 886 1117 contemptos
929 1061 1252 1104 mandatorum
1295 1075 1479 1103 suorum
1524 1061 1736 1117 deprimit
1779 1066 1824 1104 et
1868 1061 2007 1104 efficit

314 1133 531 1188 ignobiles
557 1138 601 1175 et
629 1133 839 1175 abiectos.
871 1132 1005 1174 Cuius
1031 1132 1067 1174 si
1094 1131 1140 1174 in
1165 1133 1312 1174 Tuam
1339 1131 1446 1174 Μῐοῐῃ
1485 1133 1651 1175 collata
1676 1132 1894 1174 beneficia
1919 1146 2009 1174 non

315 1203 424 1246 satis
462 1204 690 1246 cumulate
730 1203 942 1251 recensui,
985 1217 1165 1258 quaeso,
1208 1203 1516 1260 obtestorque,
1558 1217 1613 1245 ne
1651 1217 1778 1245 meae
1817 1207 2008 1246 naturae

314 1274 477 1329 potius,
508 1288 646 1330 quam
674 1273 974 1329 magnitudini
1002 1278 1046 1316 et
1079 1274 1366 1317 multitudini
1390 1273 1708 1317 beneficiorum
1736 1273 1783 1316 id
1810 1273 2011 1316 tribuen-

315 1345 424 1387 dum
464 1350 609 1400 putes.
649 1346 773 1400 Quae
804 1344 922 1386 enim
965 1349 1099 1387 tanta
1137 1349 1289 1400 potest
1332 1359 1426 1387 esse
1460 1346 1645 1387 ubertas
1682 1344 1860 1400 ingenii,
1892 1358 2008 1400 quae
2024 1352 2062 1380 15

317 1420 446 1457 tanta
475 1416 651 1457 dicendi
694 1415 835 1470 copia,
881 1415 1004 1470 quod
1038 1419 1134 1457 tam
1168 1415 1374 1458 divinum
1407 1421 1545 1472 atque
1579 1415 1836 1457 incredibile
1869 1429 2009 1470 genus

313 1485 542 1534 orationis,
580 1500 669 1541 quo
703 1486 943 1541 quisquam
978 1486 1119 1541 possit
1159 1486 1371 1530 universa
1406 1487 1490 1529 Dei
1524 1501 1604 1542 per
1639 1486 1814 1535 merita,
1854 1486 1926 1528 vel
1963 1485 2009 1528 in

313 1556 544 1611 privatum
570 1556 775 1612 quemvis
799 1556 1028 1599 hominem
1051 1557 1228 1605 collata,
1253 1572 1344 1599 non
1371 1557 1519 1600 dicam
1550 1557 1789 1612 complecti
1820 1557 2006 1605 orando,

313 1626 391 1668 sed
420 1641 678 1682 percensere
709 1627 1021 1670 numerando?

427 1698 526 1739 Hoc
563 1698 824 1740 brevissime
858 1698 1032 1740 dicam:
1065 1698 1291 1741 neminem
1321 1713 1525 1755 unquam
1561 1704 1660 1741 tam
1695 1698 2008 1754 impudentem
2025 1708 2065 1737 20

314 1767 462 1816 fuisse,
485 1769 561 1824 qui
583 1783 609 1810 a
629 1769 725 1811 Deo
744 1768 991 1811 immortali
1012 1774 1083 1811 tot
1105 1774 1149 1812 et
1170 1774 1326 1812 tantas
1345 1784 1414 1812 res
1437 1770 1606 1813 tacitus
1626 1770 1812 1812 auderet
1832 1773 2004 1825 optare,

312 1843 424 1893 quot
455 1843 498 1880 et
528 1844 724 1895 quantas
753 1840 811 1882 ad
838 1840 983 1882 Tuam
1026 1839 1134 1882 M‘em
1172 1841 1349 1883 detulit.
1385 1841 1519 1896 Quod
1546 1846 1598 1883 ut
1627 1840 1711 1882 tibi
1739 1844 2009 1896 perpetuum

312 1908 383 1956 sit,
419 1914 519 1951 tum
551 1910 804 1952 communis
835 1911 1006 1960 salutis,
1042 1916 1143 1953 tum
1175 1911 1243 1953 tui
1274 1911 1415 1967 ipsius
1447 1926 1583 1955 causa
1613 1925 1769 1954 omnes
1800 1910 2009 1953 catholici

312 1979 425 2021 velle
457 1984 501 2022 et
533 1985 691 2036 optare
724 1982 903 2024 debent.
938 1983 1034 2037 Ego
1068 1986 1189 2024 certe
1224 1983 1291 2037 (ut
1323 1982 1515 2038 ingenue
1545 1997 1698 2025 meum
1729 1996 1834 2037 erga
1863 1982 2009 2024 Tuam

311 2049 418 2091 Mtem
457 2065 655 2093 amorem
698 2052 928 2107 confitear)
975 2053 1225 2108 exprimere
1255 2053 1405 2095 verbis
1433 2068 1524 2096 non
1553 2067 1751 2110 possum,
1783 2057 2063 2108 quantum2⁵

310 2121 462 2175 gaudii
489 2121 543 2163 de
570 2122 685 2164 felici
711 2137 860 2165 rerum
877 2128 1060 2166 tuarum
1077 2138 1283 2166 successu
1299 2124 1595 2180 conceperim.
1620 2124 1707 2167 Sed
1724 2123 2006 2171 dubitabam,

313 2192 477 2246 quibus
518 2193 805 2247 potissimum
837 2195 1102 2249 gratularer,
1148 2194 1401 2244 Polonisne‚
1447 2209 1505 2238 an
1547 2194 1886 2250 Transylvanis‚
1938 2193 2011 2236 vel

315 2262 464 2316 potius
501 2263 717 2319 utrisque.
753 2265 840 2307 Sed
876 2265 1035 2308 melius
1073 2265 1263 2308 dixerim
1300 2265 1524 2322 utrisque:
1565 2266 1634 2308 his
1666 2265 1862 2322 quidem,
1887 2264 2012 2321 quod

313 2333 528 2387 originem
563 2335 620 2376 ab
658 2335 765 2390 ipsis
791 2336 999 2387 duxeris,
1026 2336 1112 2378 illis
1136 2350 1256 2385 vero,
1292 2337 1415 2391 quod
1438 2341 1519 2379 tua
1543 2336 1658 2379 felici
1683 2335 1939 2392 praesentia
1963 2339 2009 2377 et

315 2402 510 2446 iucunda
564 2406 905 2449 conversatione
959 2407 1047 2448 frui
1101 2407 1359 2449 meruerint.
1415 2408 1685 2450 Gratulatus
1736 2407 1873 2462 igitur
1925 2405 2063 2448 tibiae

316 2473 512 2522 Polonia,
551 2476 674 2530 quod
709 2477 836 2520 brevi
873 2477 1082 2520 futurum
1119 2483 1266 2533 speret
1302 2478 1542 2534 extirpatis
1577 2483 1660 2520 tua
1695 2477 1927 2533 diligentia
1962 2480 2008 2519 et

316 2544 556 2596 prudentia
581 2546 853 2597 haeresibus,
882 2563 1022 2591 unam
1049 2549 1191 2591 solam
1218 2548 1489 2591 catholicam
1515 2549 1653 2591 fidem
1679 2549 1726 2590 in
1752 2552 1854 2590 tota
1880 2548 2008 2590 Polo-

315 2612 401 2660 nia,
424 2614 613 2663 Prussia,
635 2617 797 2660 Russia
812 2623 856 2660 et
875 2618 1121 2662 Lithuania
1136 2619 1194 2661 ab
1210 2619 1421 2662 omnibus
1440 2624 1672 2675 receptum
1693 2618 1746 2661 iri
1767 2623 1812 2661 et
1833 2617 2009 2674 praedi-

315 2683 518 2725 candam.
551 2685 699 2729 Tanta
729 2688 849 2731 enim
880 2694 947 2732 est
980 2690 1256 2732 Polonorum
1287 2704 1392 2745 erga
1421 2704 1570 2745 regem
1601 2703 1734 2732 suum
1765 2689 2007 2732 observan-

315 2752 392 2801 tia,
420 2754 530 2795 adeo
556 2769 659 2798 cum
683 2757 728 2798 in
753 2759 961 2802 omnibus
985 2760 1155 2802 imitari
1181 2760 1384 2816 cupiunt,
1412 2761 1525 2803 adeo
1550 2761 1683 2808 bona,
1711 2759 1823 2802 adeo
1848 2759 2004 2808 facilis,
2020 2766 2061 2795 35

315 2823 427 2864 adeo
465 2824 523 2865 ad
570 2825 785 2879 pietatem
834 2829 1051 2874 inclinata
1087 2845 1243 2873 eorum
1281 2835 1459 2879 natura,
1498 2835 1550 2872 ut
1587 2830 1724 2873 solius
1760 2831 1884 2872 Tuae
1921 2825 2007 2872 Mtis

314 2894 519 2948 exemplo
556 2909 642 2943 eos,
682 2898 757 2951 qui
795 2914 821 2941 a
857 2901 1049 2943 veritate
1087 2902 1368 2950 aberrarunt,
1407 2915 1498 2943 non
1536 2900 1743 2943 dubitem
1780 2914 1910 2956 posse
1947 2900 2007 2942 ad

314 2963 534 3006 saniorem
560 2971 758 3009 mentem
786 2971 996 3014 revocari.
1023 2972 1291 3014 Gratulatus
1312 2971 1473 3013 deinde
1489 2969 1832 3027 Tfansylvania,
1857 2970 2008 3026 patria

313 3037 394 3075 tua
425 3034 698 3085 charissima,
732 3042 830 3081 tum
861 3042 983 3096 quod
1014 3056 1093 3097 per
1123 3047 1168 3084 te
1199 3042 1493 3084 vehementer
1524 3041 1582 3084 sit
1615 3041 1871 3090 nobilitata,
1905 3046 2005 3083 tum

313 3104 435 3158 quod
463 3105 521 3147 ab
547 3106 875 3152 haereticorum
903 3125 1112 3166 perversa
1140 3111 1348 3154 doctrina
1375 3117 1457 3155 tua
1483 3126 1622 3168 opera
1649 3116 1786 3168 capta
1812 3111 1871 3154 sit
1897 3111 2058 3154 libe-4⁰

313 3173 399 3216 rari
431 3180 475 3216 et
495 3175 554 3218 ab
575 3176 699 3218 omni
725 3192 814 3220 non
839 3181 981 3224 solum
1007 3182 1283 3231 calamitate,
1310 3182 1389 3225 sed
1413 3182 1554 3225 etiam
1579 3188 1706 3225 metu
1731 3181 2006 3225 calamitatis
2146 3207 2154 3284 Ι
