2188 3535
367 190 433 224 162
1126 185 1200 219 No.
1239 187 1284 231 58
1731 185 1844 231 [1581
1881 195 1970 230 aug.
2006 198 2053 223 22

363 313 407 350 et
438 306 708 350 exhauriunt
740 304 833 347 vini
862 315 1106 352 mensuras,
1139 307 1251 358 quot
1274 301 1460 346 volunt:
1495 316 1611 359 quae
1641 307 1800 358 postea
1830 308 2055 359 coguntur

363 378 510 421 miseri
534 376 703 420 subditi
727 375 910 422 solvere,
941 377 993 414 ut
1016 378 1281 428 recuperent
1304 387 1373 416 res
1395 387 1499 416 suas
1521 372 1849 429 impignoratas
1874 386 1901 415 a
1923 374 2053 416 liber-

363 449 496 490 tinis:
531 453 575 489 et
608 445 717 488 talia
748 444 915 486 sciente
947 447 992 485 et
1024 443 1296 487 connivente
1326 449 1498 487 rectore
1529 443 1716 486 faciunt.
1751 443 2055 487 Nihilominus

362 533 463 561 cum
490 518 558 559 his
585 515 793 558 omnibus
820 513 998 556 damnis
1024 514 1084 556 ad
1109 514 1284 557 labores
1311 515 1643 571 compelluntur
1669 514 1744 556 ire.
1775 515 1874 557 Imo
1901 515 1938 557 si
1963 530 2055 558 uno

362 589 432 631 die
452 587 601 630 vocati
621 600 711 628 non
731 585 931 634 veniant,
954 585 1161 641 sequenti
1182 585 1252 628 die
1271 586 1318 628 in
1337 599 1560 628 carcerem
1580 585 1803 627 foetidum
1823 591 2056 641 ponuntur
2085 598 2104 625 5

361 664 405 701 et
424 658 485 700 ibi
505 671 621 713 pane
640 661 684 699 et
706 670 825 712 aqua
844 655 996 698 triduo
1016 660 1096 698 aut
1117 656 1362 712 quatriduo
1381 660 1682 699 macerantur.
1714 656 2056 712 Compelluntur

361 735 514 771 autem
536 727 707 770 subditi
728 727 787 769 ad
808 726 997 769 minima
1017 741 1224 783 quaeque
1245 727 1416 783 collegii
1437 741 1587 783 opera,
1611 727 1670 769 ad
1690 726 1812 782 ligna
1833 727 2053 778 vehenda,

361 799 605 842 scindenda
652 797 788 848 domi,
838 797 897 840 ad
944 797 1299 841 calefaciendum
1346 799 1696 855 hypocaustum,
1746 798 1806 840 ad
1851 798 2056 854 ligandas

360 884 530 926 scopas,
574 869 633 912 ad
676 869 931 912 evellendas
973 869 1136 911 herbas
1166 870 1309 911 malas
1338 869 1384 912 in
1415 869 1558 911 hortis
1589 868 1761 924 collegii
1791 873 1837 911 et
1868 869 2053 925 praedii,

360 941 418 983 ad
470 941 743 997 plantandas
796 939 980 996 quasvis
1032 940 1208 990 herbas,
1264 940 1324 983 ad
1377 939 1641 983 seminanda
1695 939 1883 996 quaevis
1936 941 2055 995 legu-
2070 951 2104 979 10

360 1012 482 1055 mina
525 1017 569 1054 et
613 1026 666 1054 ea
707 1011 987 1054 convehendi
1031 1011 1230 1053 domum.
1277 1011 1639 1053 Introducuntur
1680 1011 1820 1066 pueri,
1865 1011 2053 1067 puellae,

360 1083 565 1126 mulieres
595 1083 653 1125 ad
680 1082 979 1125 laborandum
1009 1082 1055 1124 in
1084 1082 1285 1133 cellariis,
1317 1082 1474 1131 hortis,
1506 1081 1610 1124 salis
1638 1086 1683 1124 et
1714 1082 1840 1124 atriis
1869 1082 2053 1138 collegii.

361 1155 459 1197 Hoc
483 1168 601 1196 anno
624 1154 781 1196 vinum
805 1168 828 1195 e
851 1153 1012 1195 celario
1035 1153 1213 1195 extrahi
1236 1154 1426 1195 curabat
1449 1167 1530 1209 per
1551 1152 1759 1195 subditos
1779 1167 1786 1194 :
1817 1152 1934 1196 forte
1968 1153 2057 1196 for-

360 1230 473 1267 tuna
499 1224 650 1267 circuli
682 1224 854 1280 aliquot
883 1224 1015 1266 fracti
1041 1229 1147 1266 sunt
1175 1229 1220 1266 et
1246 1224 1396 1267 media
1422 1238 1527 1280 pars
1553 1223 1660 1266 dolii
1687 1223 1878 1274 effluxit,
1907 1224 1979 1267 vel
2005 1238 2056 1266 eo

360 1296 566 1352 amplius,
590 1296 714 1338 istud
735 1310 895 1351 parum
919 1295 1012 1338 vini
1039 1295 1163 1351 quod
1189 1295 1419 1345 remansit,
1449 1295 1594 1351 coegit
1622 1295 1830 1337 subditos
1856 1295 2057 1351 accipere
2071 1305 2105 1333 15

361 1372 406 1409 et
428 1372 579 1409 totum
599 1380 681 1409 vas
700 1367 872 1422 integre
893 1367 1076 1408 solvere.
1108 1367 1238 1408 Hanc
1259 1367 1318 1408 ob
1339 1380 1522 1408 causam
1543 1365 1676 1408 multi
1697 1380 1849 1408 coram
1870 1365 2058 1409 catholi-

360 1438 422 1479 cis
452 1442 497 1480 et
527 1437 763 1480 haereticis
793 1451 896 1480 cum
928 1437 1079 1479 dolore
1109 1436 1344 1493 conquesti
1375 1442 1481 1479 sunt
1512 1442 1557 1479 et
1589 1437 1802 1479 dixerunt
1833 1451 1878 1479 se
1909 1437 2059 1480 varios

361 1509 566 1552 dominos
581 1508 803 1556 habuisse,
825 1508 1090 1550 Trinitarios
1109 1512 1153 1550 et
1179 1508 1474 1557 Lutheranos,
1497 1507 1575 1550 sed
1598 1508 1745 1550 nullos
1767 1508 1866 1550 istis
1890 1507 2058 1550 sanctis

361 1580 580 1634 Jesuvitis
604 1579 883 1621 crudeliores.
918 1578 1114 1634 Quidam
1138 1579 1256 1621 inter
1279 1579 1573 1634 potitandum
1597 1579 1890 1634 appelaverat
1914 1583 2057 1621 recto-

360 1664 453 1693 rem
495 1650 801 1693 meretricem:
845 1651 966 1692 hunc
1008 1650 1164 1692 multis
1206 1650 1364 1692 diebus
1405 1649 1451 1691 in
1493 1649 1787 1705 compedibus
1818 1654 2107 1706 tamquamzo

360 1722 553 1764 Turcam
585 1721 630 1763 in
663 1721 798 1764 domo
830 1721 876 1762 in
908 1721 1057 1763 culina
1088 1721 1291 1763 laborare
1323 1720 1481 1776 coegit.
1518 1720 1695 1763 Praedii
1726 1720 1870 1763 nostri
1902 1734 2057 1763 curam

361 1792 605 1848 praeterito
625 1806 744 1834 anno
765 1792 934 1834 Polono
954 1791 1134 1834 cuidam
1154 1791 1441 1834 commiserat
1463 1806 1470 1833 :
1493 1792 1613 1833 hunc
1633 1805 1723 1833 non
1743 1791 1889 1834 solum
1908 1791 2058 1835 verbis

362 1863 516 1905 aulicis
537 1869 581 1905 et
604 1863 910 1919 ignominiosis
932 1862 1187 1918 castigavit,
1212 1863 1290 1905 sed
1322 1862 1523 1918 colophis
1555 1862 1693 1904 etiam
1727 1861 1901 1906 cecidit.
1937 1863 2057 1904 Item

362 1934 673 1990 blasphemare
698 1948 878 1990 quoque
902 1933 993 1976 iam
1019 1933 1241 1989 Ungarice
1264 1933 1449 1975 didicit:
1484 1933 1683 1989 appellat
1709 1932 1852 1975 iratus
1877 1933 2058 1976 colonos

361 2010 405 2046 et
427 2019 579 2047 servos
600 2005 731 2048 bestia
755 2018 885 2047 curva
906 2004 964 2055 fia
981 2004 1097 2046 idest
1115 2004 1283 2046 bestias
1299 2009 1343 2046 et
1360 2004 1606 2046 meretricis
1621 2004 1735 2046 filios
1753 2018 1760 2046 :
1785 2018 1903 2060 quae
1918 2004 2058 2046 verba
2071 2014 2107 2042 25

362 2090 464 2118 cum
497 2075 683 2131 quidam
717 2089 771 2118 ex
805 2075 972 2117 colonis
1005 2075 1218 2130 principis
1250 2075 1309 2117 ab
1341 2089 1393 2118 eo
1426 2075 1640 2125 audisset,
1676 2075 1791 2117 dixit
1825 2080 1945 2117 certe
1976 2089 2058 2117 nec

363 2147 437 2188 isti
461 2151 566 2189 sunt
590 2147 748 2196 sancti,
774 2146 957 2202 quando
981 2146 1092 2188 talia
1114 2146 1254 2188 verba
1275 2146 1550 2202 loquuntur!

493 2218 565 2260 Ad
596 2217 844 2273 principem
877 2217 1053 2273 scripsit
1089 2217 1213 2270 1580,
1248 2217 1372 2273 quod
1402 2217 1594 2259 libenter
1625 2217 1869 2273 susciperet
1902 2230 2057 2259 curam

361 2288 564 2338 aedificii,
595 2288 630 2330 si
657 2289 844 2330 haberet
874 2289 987 2330 fidos
1015 2288 1190 2330 sodales
1218 2292 1262 2330 et
1292 2287 1327 2330 si
1355 2287 1556 2344 linguam
1578 2292 1729 2330 nosset
1751 2287 2055 2343 Ungaricam:

362 2359 470 2401 mihi
492 2373 672 2415 quoque
692 2359 738 2401 in
760 2359 921 2401 faciem
943 2359 1072 2402 dixit.
1097 2361 1194 2414 Ego
1213 2359 1434 2415 putabam
1450 2373 1532 2401 vos
1548 2360 1754 2415 Ungaros
1775 2372 1868 2400 esse
1889 2357 2057 2400 fidelio-
2071 2367 2107 2396 3⁰

362 2444 442 2473 res.
494 2430 716 2473 Obmutui
753 2435 797 2473 et
834 2430 944 2472 nihil
981 2430 1087 2473 dixi.
1127 2430 1303 2485 Cogitet
1339 2431 1412 2472 Vra
1448 2429 1732 2479 Reverentia,
1780 2443 1870 2485 quo
1906 2429 2058 2471 animo

366 2501 587 2556 possimus
625 2515 718 2544 esse
757 2515 861 2557 erga
898 2501 1038 2551 illum,
1079 2501 1156 2557 qui
1195 2515 1350 2543 omnes
1388 2515 1470 2543 nos
1507 2501 1669 2543 infidos
1707 2504 1841 2556 putat
1880 2514 1974 2542 esse
2013 2504 2058 2542 et

367 2572 442 2627 qui
470 2572 579 2614 talia
606 2573 661 2615 de
687 2572 894 2628 patribus
921 2577 966 2614 et
994 2571 1210 2615 fratribus
1236 2572 1295 2614 ad
1321 2571 1569 2628 principem
1599 2571 1766 2614 scribit.

497 2643 729 2686 Sabbatho
773 2648 971 2699 quatuor
1016 2647 1274 2699 temporum
1321 2643 1431 2696 1580
1474 2643 1636 2685 missus
1678 2646 1745 2684 est
1790 2656 1816 2684 a
1859 2641 2059 2697 principe

365 2714 666 2764 cancellarius,
699 2719 751 2756 ut
774 2714 1009 2757 nobiscum
1032 2714 1086 2756 de
1108 2713 1273 2756 nostris
1294 2713 1507 2756 aedificiis
1538 2717 1756 2755 tractaret
1775 2726 1782 2754 :
1819 2713 1940 2754 hunc
1961 2712 2108 2768 ipso-35

367 2783 437 2825 die
459 2797 558 2838 4-or
579 2790 836 2841 temporum
859 2785 918 2827 ad
939 2784 1182 2841 prandium
1213 2799 1317 2826 cum
1352 2783 1533 2826 famulis
1567 2782 1782 2826 invitavit
1819 2787 1864 2825 et
1886 2782 2059 2825 homini

369 2854 592 2896 haeretico
628 2855 673 2897 in
705 2855 776 2898 die
807 2855 959 2898 ieiunii
990 2860 1149 2898 contra
1179 2855 1296 2910 leges
1332 2854 1542 2897 ecclesiae
1578 2858 1623 2897 et
1660 2853 1782 2909 regni
1819 2858 2058 2896 consuetu-

370 2924 532 2974 dinem,
573 2940 672 2976 ova,
712 2927 931 2983 butyrum
969 2931 1014 2969 et
1052 2925 1279 2968 lacticinia
1315 2925 1444 2967 iussit
1482 2925 1662 2980 apponi.
1705 2926 1803 2967 Hoc
1842 2924 1953 2980 quid
1989 2929 2058 2967 est

368 2994 502 3044 aliud,
541 3010 677 3050 quam
713 2997 962 3040 haereticos
997 2996 1043 3039 in
1079 2996 1170 3039 suis
1206 2995 1428 3038 erroribus
1463 2996 1740 3038 confirmare.
1779 2996 1840 3038 Et
1876 2994 2057 3037 interim

369 3079 448 3120 ego
473 3066 616 3108 clamo
640 3067 685 3110 in
709 3068 921 3111 concione
945 3082 1070 3110 esum
1095 3066 1297 3109 carnium
1320 3066 1600 3122 prohibitum
1624 3080 1718 3109 esse
1742 3070 1786 3108 et
1810 3065 2055 3108 lacticinio-
2070 3075 2107 3103 40

368 3150 467 3177 rum
493 3136 538 3178 in
564 3137 724 3193 vigiliis
761 3138 1131 3195 quadragesimae
1156 3142 1200 3180 et
1227 3142 1424 3194 quatuor
1452 3136 1745 3193 temporibus.
1780 3136 1977 3194 Quidam
2001 3150 2057 3179 ex
