2188 3535
133 176 227 213 1574
256 165 327 211 jul.
368 168 427 212 15]
907 171 981 205 No.
1014 183 1038 215 4
1778 190 1817 223 13

127 283 239 326 tiam
273 283 476 339 ignorare
513 286 719 341 Ungaros
755 301 860 331 cum
895 290 1130 333 Germanis
1166 292 1416 342 convenire,
1455 307 1560 337 cum
1596 294 1735 337 Gallis
1771 301 1816 337 et

127 353 253 397 Italis
282 358 327 396 et
358 354 468 404 aliis,
509 360 554 397 et
591 358 858 411 praesertim
896 359 1037 403 Italos
1075 366 1120 403 et
1159 362 1387 418 Hispanos
1424 364 1625 408 maximo
1662 379 1815 409 amore

125 429 170 467 et
201 425 515 468 benevolentia
546 434 895 484 prosequuntur.
938 432 1064 487 Quae
1095 433 1356 476 affectiones
1387 434 1491 478 licet
1523 435 1648 478 nullo
1680 437 1815 480 modo

125 495 337 538 deberent
362 495 481 538 inter
505 496 774 541 christianos
800 500 961 550 audiri,
990 506 1146 545 tamen
1170 504 1254 546 hoc
1281 519 1461 561 quoque
1487 520 1618 549 nosse
1644 507 1815 551 bonurn

77 581 96 608 5
124 570 204 615 est,
226 570 278 607 ut
298 554 448 621 plures
468 571 513 609 et
535 567 741 611 facilius
729 583 887 613 luvare
908 572 1153 615 valeamus.
1184 575 1491 630 Quamobrem
1511 591 1616 621 cum
1637 577 1814 621 duobus

122 640 202 679 aut
226 635 371 678 tribus
395 638 588 693 Ungaris
613 643 716 682 tuto
740 646 925 696 possent
950 643 1144 687 totidem
1169 645 1275 688 Itali
1298 651 1379 689 aut
1405 647 1599 703 Hispani
1622 648 1810 699 misceri,

121 706 198 762 qui
235 720 326 749 non
363 707 512 750 minus
549 709 666 764 grati
704 717 854 754 essent
893 714 1150 764 Pannoniis,
1191 730 1330 772 quam
1368 717 1447 774 qui
1483 718 1668 762 natione
1706 725 1812 762 sunt

120 778 372 820 Paeones.1⁷
390 779 539 822 Tanta
557 795 663 823 vero
684 786 766 831 est,
787 782 834 825 in
857 784 1057 839 Ungaria
1079 785 1133 827 de
1160 792 1315 829 nostra
1341 788 1567 832 Societate
1593 796 1813 847 concepta

119 847 282 903 opinio,
323 853 375 890 ut
414 850 539 905 apud
577 853 823 896 catholicos
862 859 907 897 et
946 856 1195 899 haereticos
1234 859 1487 901 communis
1525 864 1571 902 et
1611 861 1811 916 optimus

73 933 106 960 ιο
117 918 175 960 sit
206 918 261 960 de
290 919 420 962 nobis
450 935 614 964 rumor.
650 924 767 966 Eam
797 925 856 967 ob
885 939 984 968 rem
1014 926 1099 968 viri
1129 928 1366 971 nobiliores
1397 929 1472 972 alii
1502 944 1528 972 a
1559 932 1807 987 sexaginta,

116 989 191 1031 alii
216 1003 244 1032 a
270 991 573 1047 septuaginta,
603 993 679 1035 alii
705 994 845 1038 etiam
867 1010 894 1038 3
915 1002 1099 1040 0011111111
1121 998 1386 1041 milliaribus
1410 1000 1642 1056 Ungaricis
1664 1003 1810 1057 gratia

115 1060 328 1102 studendi
349 1062 437 1104 huc
469 1063 529 1105 ad
559 1078 641 1106 nos
672 1065 787 1108 filios
819 1080 923 1109 suos
955 1067 1162 1117 mittunt,
1197 1069 1275 1124 qui
1307 1084 1473 1125 magno
1505 1076 1612 1113 sunt
1644 1074 1809 1115 nostris

114 1131 276 1173 scholis
304 1139 583 1177 ornamento.
616 1136 815 1191 Populus
845 1142 1000 1180 autem
1029 1139 1410 1195 Transylvanicus
1443 1142 1510 1196 (ut
1543 1141 1653 1184 mihi
1681 1144 1809 1199 quasi

112 1202 224 1243 flens
244 1202 420 1258 legatus
449 1204 662 1261 principis
679 1208 713 1233 18
742 1207 912 1262 retulit)
950 1213 1182 1263 pertaesus
1214 1210 1305 1252 iam
1338 1211 1575 1254 confusam
1607 1227 1808 1257 errorum

65 1286 100 1313 15
112 1277 158 1313 et
187 1273 429 1316 haereseon
461 1275 816 1326 multitudinem,
855 1278 1104 1334 supplicem
1149 1294 1240 1322 non
1284 1280 1351 1323 ita
1395 1282 1572 1338 pridem
1617 1283 1808 1340 principi

111 1342 313 1386 libellum
349 1345 528 1394 obtulit,
567 1347 817 1390 humillime
854 1363 959 1391 eum
996 1349 1254 1405 deprecans,
1293 1356 1345 1393 ut
1382 1353 1628 1396 catholicos
1664 1368 1806 1397 sacer-

112 1413 242 1455 dotes
264 1414 310 1456 in
333 1429 520 1470 regnum
543 1415 863 1461 introduceret.
892 1419 1080 1462 Plurimi
1103 1421 1243 1464 etiam
1266 1437 1322 1465 ex
1345 1423 1573 1466 nobilibus
1596 1426 1806 1468 catholici

111 1488 156 1526 et
194 1484 406 1526 haeretici
457 1491 665 1530 nostrum
702 1488 953 1544 ingressum
991 1505 1156 1547 magno
1195 1493 1415 1536 desiderio
1453 1495 1801 1550 praestolantur.

237 1556 340 1597 Huc
355 1556 542 1606 accedit,
561 1558 685 1614 quod
699 1560 893 1616 populus
909 1561 981 1604 ille
996 1577 1088 1605 non
1103 1567 1201 1606 tam
1223 1564 1485 1620 pertinacia,
1511 1571 1592 1608 aut
1615 1567 1801 1617 malitia,

61 1639 246 1681 20quam
286 1625 542 1681 ignorantia
584 1630 642 1671 ob
685 1630 916 1675 desectum
957 1634 1284 1678 catholicorum
1326 1637 1616 1680 sacerdotum
1659 1652 1802 1681 errare

106 1696 298 1739 videtur.
335 1698 469 1754 Quod
494 1713 549 1742 ex
575 1699 645 1742 his
671 1702 879 1757 Ungaris,
910 1703 988 1759 qui
1013 1703 1085 1746 hic
1112 1719 1192 1748 nos
1219 1707 1457 1750 convenire
1484 1708 1644 1757 solent,
1674 1708 1802 1752 facile

105 1772 308 1823 apparet,
346 1782 454 1812 nam
489 1770 525 1812 si
560 1771 735 1828 aliquos
770 1787 940 1823 eorum,
978 1775 1057 1831 qui
1091 1776 1264 1819 haeresi
1298 1777 1451 1834 aliqua
1485 1778 1644 1821 infecti
1679 1786 1798 1829 sunt,

104 1837 339 1881 nobiscum
365 1841 620 1884 conversari
645 1843 894 1900 contingat,
924 1846 1050 1888 haud
1074 1848 1252 1902 gravati
1278 1848 1530 1904 patiuntur,
1556 1864 1601 1892 se
1623 1865 1650 1893 a
1672 1851 1801 1893 nobis

103 1907 264 1950 instrui
293 1914 338 1951 et
368 1910 427 1952 ad
455 1912 692 1956 rectiorem
721 1914 845 1958 viam
874 1916 1039 1959 reduci.
1072 1918 1202 1960 Adde
1231 1919 1387 1969 etiam,
1419 1921 1544 1977 quod
1573 1921 1610 1963 si
1638 1922 1799 1977 pedem

57 1978 149 2021 25in
173 1980 502 2036 Transylvania
540 1984 673 2039 figere
708 1986 971 2041 poterimus,
1000 1987 1129 2031 facile
1155 1989 1259 2031 hinc
1285 1991 1414 2033 nobis
1441 1991 1595 2034 aditus
1621 1993 1797 2048 patebit

101 2049 148 2091 in
180 2050 547 2096 circumiacentes
581 2056 864 2110 provincias:
914 2059 1194 2109 Valachiam,
1245 2062 1524 2105 Moldaviam
1557 2068 1602 2104 et
1637 2064 1797 2106 Trans-

101 2120 313 2176 alpinam,
369 2123 429 2165 ad
480 2124 867 2171 disseminandum
906 2130 1096 2173 verbum
1136 2131 1231 2173 Dei.
1274 2133 1602 2188 Transylvania
1640 2139 1796 2177 autem

102 2195 202 2234 tota
232 2193 413 2236 exculta
443 2200 488 2237 et
518 2196 729 2240 habitata
759 2199 969 2242 civitates
998 2201 1137 2243 habet
1168 2202 1384 2257 plurimas
1413 2208 1459 2245 et
1481 2204 1792 2259 amplissimas,

100 2275 222 2304 arces
253 2263 639 2320 frequentissimas
670 2273 715 2310 et
747 2270 1086 2321 munitissimas,
1121 2272 1286 2315 milites
1317 2278 1523 2316 strenuos
1554 2279 1793 2317 veteranos

53 2337 144 2374 30et
178 2333 225 2375 in
257 2348 303 2376 re
338 2335 522 2379 militari
574 2339 971 2384 exercitatissimos
1021 2348 1066 2384 et
1117 2343 1230 2385 adeo
1282 2344 1462 2393 multos,
1499 2349 1551 2386 ut
1586 2345 1794 2401 princeps

98 2403 451 2460 Transylvaniae
491 2407 611 2451 intra
650 2424 790 2453 unam
815 2412 1152 2456 hebdomadam
1179 2413 1307 2456 facile
1335 2415 1625 2470 septuaginta
1653 2416 1793 2459 millia

98 2474 365 2519 selectorum
397 2478 605 2534 equitum
637 2494 903 2537 congregare
936 2483 1091 2538 possit,
1127 2498 1182 2526 ex
1214 2485 1379 2540 quibus
1411 2486 1555 2528 maior
1586 2501 1690 2542 pars
1722 2493 1790 2529 est

98 2545 329 2596 nobilium,
356 2548 434 2604 qui
459 2563 563 2592 cum
587 2556 710 2593 certo
734 2566 922 2595 numero
947 2553 1221 2597 famulorum
1246 2560 1459 2598 tenentur
1483 2557 1574 2599 suis
1599 2558 1788 2614 sumpti-

98 2615 181 2657 bus
211 2617 417 2662 militare.
453 2620 637 2663 Pedites
668 2637 774 2665 vero
806 2624 947 2679 possit
979 2625 1254 2668 conscribere
1287 2632 1399 2682 quot
1432 2627 1669 2671 desiderat.
1706 2630 1788 2671 Est

0 2674 1 2761 l
50 2685 235 2730 35etiam
263 2702 452 2744 regnum
481 2692 565 2734 hoc
596 2697 760 2736 natura
789 2694 874 2736 loci
904 2695 1272 2746 munitissimum,
1306 2698 1418 2740 adeo
1448 2703 1514 2748 ut,
1547 2713 1652 2742 cum
1682 2700 1788 2742 olim

0 2765 1 2806 l
96 2756 273 2800 Tartari
300 2763 448 2803 totam
477 2762 741 2819 depopulati
769 2764 959 2807 fuissent
988 2767 1236 2822 Ungariam
1263 2773 1308 2810 et
1335 2768 1382 2810 in
1409 2769 1554 2812 solam
1582 2772 1788 2826 Ungaros

0 2810 1 2830 ¹
97 2828 382 2872 conclusisset
419 2832 810 2889 Transylvafflam,
862 2835 965 2878 hinc
1015 2836 1090 2879 isti
1141 2839 1383 2895 resumptis
1419 2840 1590 2883 viribus
1627 2856 1650 2883 e
1687 2846 1787 2883 tota

96 2897 293 2953 Ungaria
337 2903 675 2958 profligaverint
720 2911 765 2948 et
811 2906 1020 2949 eiecerint
1064 2908 1217 2951 hostes
1262 2924 1429 2953 omnes.
1479 2912 1585 2967 Ipsa
1630 2917 1785 2955 autem

96 2967 422 3025 Transylvania
463 2974 586 3017 silvis
618 2976 894 3020 densissimis
929 2982 974 3020 et
1011 2979 1244 3022 montibus
1279 2981 1510 3024 altissimis
1546 2987 1784 3039 tamquam

48 3134 85 3162 4ο
223 3128 252 3149 ¹⁷
282 3130 481 3174 Paeonok,
512 3135 726 3171 makedoni
755 3138 913 3183 nepseg.
998 3138 1028 3159 ¹³
1055 3139 1201 3174 Tamas
1229 3141 1344 3176 deak.
