2188 3535
352 173 425 210 216
1119 165 1195 199 No.
1227 176 1274 210 72
1661 164 1776 208 [1582
1811 164 1911 198 febr.
1945 164 2045 210 eleje

350 288 533 346 singulis
566 288 722 331 diebus
755 288 1062 340 exponentur;
1099 282 1158 324 sit
1189 280 1329 324 etiam
1351 281 1478 324 sedes
1510 286 1556 324 et
1590 281 1837 325 scabellum
1868 281 1915 324 in
1947 296 2041 325 uno

351 360 526 416 angulo,
561 372 663 400 cum
696 355 848 411 aliqua
878 352 1076 408 imagine
1109 356 1154 394 et
1187 351 1356 395 tabella
1388 366 1494 395 cum
1526 352 1807 396 orationibus
1840 352 2040 396 dicendis

350 435 452 486 post
474 433 519 471 et
542 432 647 470 ante
669 438 858 490 sacrum,
883 422 941 465 sit
964 437 1146 478 quoque
1174 422 1451 466 lavatorium
1473 437 1690 480 magnum
1720 423 1834 466 bene
1864 437 2038 466 accom—

349 500 601 545 modatum,
636 509 739 538 cum
765 507 846 536 suo
872 492 1051 536 mantili
1078 494 1263 536 mundo.

475 581 519 622 4.
555 564 814 608 Oratorium
845 563 1087 606 claudatur
1115 563 1302 607 inferius
1331 564 1554 608 asseribus
1584 579 1639 607 ex
1668 569 1863 621 utraque
1892 569 2035 621 parte,

346 640 456 681 fiant
481 636 684 679 similiter
707 633 891 677 cancelli
915 634 1049 690 lignei
1074 648 1129 677 ex
1154 639 1350 692 utraque
1375 640 1504 692 parte
1530 634 1748 692 superiori
1772 635 1832 678 ad
1855 635 2038 679 audien-

345 709 453 751 dum
486 720 664 749 sacrum
697 710 741 748 et
775 705 1051 748 concionem.

474 788 513 831 5.
547 777 682 819 Fiant
698 775 1040 819 confessionalia
1056 790 1180 819 more
1197 776 1436 820 Societatis
1459 779 1516 821 ad
1533 775 1782 820 audiendas
1797 776 2036 820 confessio-

343 863 434 897 nes,
459 846 657 891 maxime
686 846 1000 890 foeminarum.

475 920 514 962 6.
549 919 739 961 Curetur
773 917 881 974 erigi
915 917 1128 961 columna
1160 917 1208 960 in
1242 918 1359 961 ostio
1393 918 1565 975 templi.

475 1003 515 1045 7.
549 989 743 1038 Ostium,
761 1004 851 1045 quo
865 988 958 1031 itur
973 1003 996 1032 e
1011 988 1216 1032 sacristia
1229 988 1276 1031 in
1290 989 1528 1046 templum,
1553 989 1645 1033 suis
1661 989 1768 1033 seris
1784 990 2036 1041 claudatur,

344 1075 424 1104 nec
444 1060 770 1117 permittantur
791 1059 1039 1103 saeculares
1058 1074 1135 1116 per
1155 1060 1268 1103 illud
1285 1060 1457 1116 ingredi
1475 1060 1522 1103 in
1541 1060 1778 1117 collegium
1797 1060 2033 1104 ordinarie.

476 1132 516 1174 8.
551 1131 618 1174 Sit
643 1131 689 1173 in
714 1131 885 1187 templo
911 1145 937 1173 a
961 1130 1102 1174 latere
1127 1130 1231 1174 ostii
1256 1130 1486 1174 sacristiae
1511 1145 1748 1188 campana,
1776 1146 1893 1189 quae
1917 1145 2037 1189 egre-

345 1202 577 1246 dientibus
599 1202 906 1245 sacerdotibus
933 1202 993 1245 ad
1019 1201 1278 1245 faciendum
1305 1216 1497 1252 sacrum,
1539 1217 1566 1246 a
1587 1201 1793 1247 ministro
1820 1202 2037 1260 pulsetur.

477 1286 517 1330 9.
552 1273 830 1316 Reficiantur
865 1272 1064 1329 reliquae
1100 1273 1323 1317 fenestrae
1359 1273 1570 1316 ecclesiae
1607 1273 1824 1326 similiter,
1864 1278 2038 1317 tectum

345 1345 528 1401 quando
563 1344 798 1387 commode
833 1344 1014 1400 poterit.

477 1427 542 1458 10.
577 1416 765 1458 Curetur
790 1414 913 1458 omni
940 1415 1170 1472 dilgentia,
1194 1419 1246 1457 ut
1269 1430 1385 1472 quae
1407 1415 1636 1472 pertinent
1660 1416 1720 1459 ad
1740 1416 1916 1460 cultum
1937 1415 2035 1468 Dei,

345 1491 442 1529 tam
463 1485 509 1528 in
531 1485 746 1537 sacristia,
775 1500 913 1542 quam
935 1486 982 1528 in
1004 1486 1175 1543 templo
1198 1486 1352 1529 omnia
1373 1492 1480 1530 sunt
1503 1487 1687 1531 munda.

478 1569 544 1600 11.
580 1558 818 1600 Habeatur
841 1556 886 1599 in
913 1557 1098 1613 singulis
1123 1556 1343 1600 altaribus
1368 1558 1527 1601 tabula
1543 1557 1737 1602 Canonis
1762 1562 1808 1601 et
1833 1557 2038 1601 similiter

344 1627 642 1683 Evangelium
694 1627 847 1671 Sancti
878 1628 1070 1683 joannis
1101 1627 1148 1671 in
1180 1628 1332 1685 aliqua
1363 1629 1532 1672 tabella
1563 1630 1622 1672 ad
1653 1629 1866 1672 dextrum
1898 1643 2037 1672 cornu

343 1697 512 1742 altaris.

476 1782 541 1812 12.
577 1770 796 1813 Cantetur
848 1770 1007 1813 diebus
1062 1770 1298 1813 dominicis
1351 1775 1396 1813 et
1451 1770 1590 1820 festis,
1646 1770 1762 1814 sicut
1817 1772 2038 1814 hactenus

344 1839 519 1883 factum
539 1845 620 1890 est,
641 1855 819 1884 sacrum
838 1846 882 1884 et
903 1856 1101 1898 vespere,
1137 1841 1253 1884 sicut
1271 1842 1467 1885 habetur
1485 1841 1532 1884 in
1551 1841 1721 1885 missali
1740 1847 1785 1885 et
1805 1841 2038 1885 Breviario

345 1912 566 1961 Romano,
604 1917 827 1967 quantum
862 1912 958 1955 fieri
992 1912 1174 1969 poterit.

2073 611 2092 640 5

2056 968 2093 996 10

2057 1322 2093 1350 15

2055 1678 2092 1705 20

478 1994 543 2036 13.
578 1983 827 2026 Exorcismi
851 1998 932 2040 pro
951 1983 1101 2040 pueris
1120 1983 1408 2040 baptizandis
1431 1985 1544 2027 fiant
1569 1988 1676 2027 ante
1698 1984 1856 2027 valvas
1880 1983 2037 2040 templi

344 2053 429 2095 sub
464 2058 585 2096 tecto
617 2054 775 2110 ligneo,
811 2055 935 2111 quod
966 2054 1061 2097 fieri
1094 2069 1199 2098 cum
1231 2055 1429 2111 primum
1464 2060 1658 2098 curetur.

481 2135 547 2178 14.
581 2125 820 2181 Templum
860 2125 906 2168 in
948 2127 1182 2168 Monostor
1221 2131 1454 2182 reparetur
1492 2126 1539 2168 in
1578 2126 1699 2176 locis,
1741 2126 1820 2168 ubi
1860 2126 2042 2169 videtur

348 2194 527 2237 ruinam
543 2195 717 2245 minari,
738 2200 942 2239 servetur
959 2196 1098 2240 etiam
1116 2196 1162 2239 in
1181 2211 1232 2240 eo
1250 2196 1510 2248 mundities,
1526 2202 1752 2254 quantum
1766 2196 1861 2240 fieri
1875 2201 2041 2254 potest.

476 2277 542 2320 15.
577 2267 757 2323 Capella
782 2267 858 2310 illa
896 2267 943 2310 in
970 2267 1168 2311 claustro
1209 2282 1286 2310 seu
1327 2267 1504 2310 ambitu
1545 2273 1762 2325 purgetur
1802 2268 2039 2311 ruderibus

344 2335 572 2392 lapidibus
615 2342 660 2380 et
704 2338 874 2395 ligneis,
922 2338 1187 2381 auferantur
1229 2338 1340 2382 item
1384 2339 1609 2389 tubulata,
1656 2354 1775 2396 quae
1817 2340 2038 2382 hactenus

346 2406 512 2450 ibidem
556 2407 753 2451 fuerunt.

477 2478 543 2520 16.
577 2479 777 2523 Ancillae
809 2484 1122 2523 matronarum
1157 2481 1280 2524 nullo
1314 2481 1450 2523 modo
1485 2480 1812 2537 permittantur
1843 2494 2035 2537 purgare

345 2548 580 2603 templum.

478 2630 542 2672 17.
577 2619 643 2662 Sit
676 2621 860 2678 aliquod
886 2622 1209 2665 candelabrum
1240 2623 1299 2665 ad
1331 2621 1581 2678 affigendas
1613 2621 1823 2665 candelas
1855 2621 2032 2664 oblatas

345 2700 372 2728 a
412 2687 586 2731 devotis
625 2691 899 2742 mulieribus,
942 2697 1048 2736 ante
1084 2692 1428 2736 Sanctissimum
1466 2694 1809 2736 Sacramentum
1849 2697 1894 2734 et
1933 2707 2031 2748 per-

346 2757 589 2800 mittantur
614 2761 781 2805 ibidem
808 2764 975 2806 ardere.

479 2829 544 2870 18.
579 2831 798 2876 Pecuniae
847 2834 1029 2877 oblatae
1075 2833 1284 2877 ecclesiae
1317 2839 1554 2877 serventur
1587 2848 1614 2876 a
1646 2833 1874 2890 praefecto
1908 2834 2032 2890 apud

348 2903 695 2953 procuratorem,
726 2903 856 2947 iuxta
883 2905 1084 2961 regulam
1117 2918 1184 2961 29.
1217 2904 1417 2948 eiusdem
1446 2904 1674 2960 praefecti.

481 2982 546 3024 19.
586 2970 657 3012 Ad
690 2974 849 3016 missas
874 2976 1092 3033 seligatur
1115 2976 1340 3031 optimum
1363 2977 1537 3026 vinum,
1562 2975 1685 3031 quod
1706 2976 1868 3018 haberi
1890 2976 2034 3030 possit

347 3051 401 3079 ex
432 3044 602 3092 nostro,
636 3043 669 3083 si
703 3044 790 3085 tale
824 3047 976 3097 fuerit,
1010 3047 1045 3088 si
1079 3060 1219 3096 secus,
1254 3046 1364 3089 ioris
1395 3050 1586 3089 ematur.

478 3121 544 3152 20.
579 3112 650 3153 Ad
685 3113 983 3159 elevationem
1020 3115 1216 3173 corporis
1252 3121 1296 3159 et
1333 3116 1564 3173 sanguinis
1599 3115 1783 3160 Domini
1818 3115 1877 3159 sit
1914 3116 2030 3160 ordi·
2047 3097 2083 3124 4⁰

2055 2033 2093 2061 25

2053 2388 2091 2415 30

2049 2741 2086 2769 35
