2188 3535
312 207 383 242 144
1072 192 1147 228 No.
1185 202 1228 239 55
1691 191 1805 238 [1581
1840 190 1925 235 jun.
1965 201 2008 227 12

1121 350 1192 394 55.

863 451 1011 501 Vilna,
1045 451 1160 505 1581
1188 450 1347 507 junius
1378 463 1446 494 12.

512 556 705 607 Bathory
735 555 884 594 Istvan
915 553 1052 607 kiraly
1081 555 1146 605 [P.
1177 555 1332 607 Wujek
1361 555 1503 606 Jakab
1532 553 1796 605 rektornak.]

438 650 596 689 leasz.
628 648 848 699 Eloszlatja
885 648 1174 699 aggodalmait,
1211 653 1310 688 mert
1346 661 1393 688 az
1428 647 1578 699 erdeilyi
1614 647 1811 699 jezsuita‘k
1847 646 2012 699 iigyciro'l

303 704 867 807 gzgczaagegzguffindoskodni
897 707 937 746 ἑε
968 720 992 745 a
1024 707 1246 746 kolozsva'ri
1273 704 1491 759 kollegium
1517 705 1826 758 alapit6-levele‘t
1845 705 1882 745 is
1902 718 2010 744 nem·
2043 713 2060 740 5

441 861 701 917 Stephanus
736 861 821 904 Dei
854 860 1003 916 gratia
1037 874 1116 903 rex
1152 860 1365 903 Poloniae
1400 865 1484 902 etc.

441 932 721 976 Venerabilis
774 932 940 975 devote
993 931 1124 974 nobis
1177 932 1351 974 dilecte.

440 1005 513 1047 Ex
543 1003 684 1046 liten's
715 1004 810 1046 De:
844 1003 1001 1045 Tuael
1036 1002 1333 1059 cognovimus
1364 1006 1587 1058 quantam
1623 1000 2013 1057 perturbationem

308 1074 515 1118 attulerit
547 1074 699 1117 animo
730 1073 871 1130 ipsius
910 1088 992 1117 nec
1031 1074 1246 1130 opinatus
1285 1073 1438 1116 obitus
1478 1067 1575 1114 Illmi
1609 1071 1823 1129 principis
1861 1071 2015 1114 fratris
2028 1090 2061 1118 10

309 1145 454 1189 nostri
481 1145 712 1194 carissimi,
743 1145 1035 1187 coniunctam
1063 1159 1168 1187 cum
1197 1144 1398 1201 quodam
1426 1148 1567 1194 metu,
1599 1157 1655 1186 ne
1684 1157 1801 1200 quae
1829 1157 1857 1186 a
1883 1142 2014 1186 nobis

311 1217 371 1260 ad
401 1216 738 1259 institutionem
771 1216 943 1272 collegii
976 1215 1216 1258 Societatis
1249 1220 1427 1258 vestrae
1459 1215 1625 1257 affecta
1659 1219 1766 1257 sunt
1801 1218 1846 1256 et
1873 1227 1901 1257 a
1939 1213 2014 1256 de-

309 1287 468 1330 functo
501 1286 640 1330 fratre
673 1292 829 1329 nostro
863 1292 1086 1342 suscepta,
1111 1287 1196 1329 hoc
1225 1292 1429 1342 tempore
1462 1286 1728 1328 deserantur
1760 1289 1842 1328 aut
1875 1284 2015 1327 etiam

309 1358 552 1414 iniquitate
595 1357 882 1414 quorundam
933 1357 1229 1413 ingeniorum,
1275 1357 1621 1413 animorumque
1664 1355 2011 1399 labefactentur.

317 1430 417 1485 Quo
454 1428 639 1485 quidem
676 1433 802 1471 metu
840 1442 922 1471 vos
958 1442 1114 1471 omnes
1150 1428 1407 1477 liberamus,
1447 1442 1554 1470 nam
1592 1427 1722 1470 nobis
1759 1441 1892 1470 curae
1929 1430 2061 1476 est,15

312 1506 364 1542 ut
391 1505 654 1555 susceptum
680 1514 708 1542 a
733 1499 863 1542 nobis
889 1499 1087 1555 primum
1113 1514 1228 1554 opus
1254 1499 1313 1541 ad
1339 1499 1514 1541 exitum
1540 1498 1829 1554 perducatur.
1859 1497 2015 1540 Etiam

312 1571 372 1614 ad
394 1570 670 1613 consiliarios
708 1570 831 1626 regni
854 1570 1011 1620 nostri,
1036 1570 1106 1612 uti
1129 1570 1175 1612 in
1199 1570 1275 1612 illa
1298 1569 1529 1612 celeritate
1551 1569 1646 1612 fieri
1670 1569 1834 1625 potuit,
1861 1568 2015 1610 literas

311 1641 532 1690 dedimus,
568 1655 624 1683 ne
658 1641 769 1697 quid
801 1641 847 1683 in
881 1655 932 1683 eo
966 1646 1161 1690 mutent,
1198 1641 1322 1697 quod
1354 1642 1439 1683 hoc
1473 1640 1519 1682 in
1551 1654 1711 1696 genere
1745 1654 1772 1682 a
1804 1639 1935 1682 nobis
1969 1644 2014 1681 et

310 1712 526 1755 defuncto
557 1711 696 1754 fratre
726 1717 941 1768 coeptum
970 1716 1052 1761 est,
1085 1712 1164 1754 sed
1193 1712 1346 1768 potius
1375 1711 1487 1754 illud
1516 1710 2015 1754 commendatissimum

309 1784 525 1833 habeant,
557 1783 709 1839 quoad
738 1783 792 1825 de
823 1787 924 1825 tota
952 1782 1076 1838 regni
1105 1782 1236 1825 istius
1265 1782 1575 1825 moderatione
1605 1796 1657 1824 ac
1686 1780 2062 1837 gubernationem

311 1854 422 1896 certi
459 1853 631 1910 aliquid
667 1853 1038 1910 praescribamus
1086 1854 1220 1910 Quod
1256 1868 1360 1896 cum
1397 1853 1627 1902 faciemus,
1667 1852 1837 1895 ordinis
1874 1851 2014 1895 vestri

310 1924 531 1980 imprimis
563 1924 786 1967 rationem
831 1924 1113 1967 habebimus.
1166 1925 1353 1967 Scholae
1387 1923 1710 1973 aedificandae,
1746 1923 1825 1980 qui
1858 1922 2013 1965 floreni

310 1996 430 2038 mille
466 2009 493 2037 a
527 1995 742 2037 defuncto
779 1995 917 2038 fratre
953 1995 1169 2051 assignati
1204 2000 1323 2046 sunt,
1362 1995 1406 2045 ii,
1443 2000 1496 2037 ut
1530 2000 1652 2037 recte
1683 2000 1728 2037 et
1750 1993 2014 2050 propediem

311 2066 666 2116 dinumerentur,
718 2066 1050 2109 mandabimus.
1109 2066 1242 2123 Quod
1291 2067 1350 2108 ad
1397 2066 1682 2122 privilegium
1731 2064 2013 2108 fundationis

309 2142 486 2180 vestrae
528 2137 708 2186 attinet,
755 2137 866 2179 illud
900 2137 1046 2193 primo
1075 2152 1256 2194 quoque
1286 2142 1503 2193 tempore,
1534 2151 1581 2179 re
1610 2151 1714 2179 cum
1744 2138 1834 2179 R¹1²⁰
1861 2136 2060 2191 legato25

310 2207 602 2264 Apostolico²
633 2222 684 2251 ac
716 2208 972 2251 Venerabili
1004 2213 1133 2265 patre
1163 2210 1360 2263 Scarga3
1391 2208 1630 2264 diligenter
1660 2207 2010 2256 communicata,

310 2279 547 2322 commode
588 2279 896 2329 emendatum,
940 2279 1180 2336 denuoque
1221 2279 1522 2335 perscriptum
1563 2279 1835 2322 mittemus.⁴¹
1877 2277 2013 2320 Plura

308 2350 392 2392 hoc
442 2355 646 2406 tempore
678 2350 738 2393 ad
770 2352 866 2394 De:
901 2351 1048 2393 Tuam
1080 2350 1353 2406 perscribere
1385 2365 1477 2392 non
1509 2363 1762 2406 possumus,
1797 2348 1924 2391 brevi
1957 2348 2012 2390 de

309 2422 443 2464 rebus
473 2421 684 2464 omnibus
714 2421 941 2463 uberiores
971 2421 1125 2464 literas
1156 2421 1321 2471 daturi,
1356 2436 1411 2463 ex
1442 2421 1608 2477 quibus
1638 2420 1809 2476 prolixe
1840 2418 2011 2475 magni-

311 2491 517 2534 tudinem
552 2497 810 2535 nostrorum
846 2506 951 2548 erga
986 2506 1067 2535 vos
1102 2492 1358 2535 studiorum
1394 2491 1524 2534 facile
1559 2490 1849 2548 cognoscetis.
1889 2491 2060 2532 Beneao

311 2562 461 2604 valeat
507 2563 701 2605 Devotio
746 2564 857 2606 Tua.

427 2635 600 2675 Datum
636 2634 683 2676 in
719 2648 819 2677 arce
856 2639 1012 2677 nostra
1044 2634 1164 2690 regia
1200 2634 1413 2683 Vilnensi,
1455 2646 1520 2677 12.
1561 2633 1632 2676 die
1668 2632 1833 2675 mensis
1868 2630 2009 2687 Junii.

311 2704 444 2745 Anno
486 2704 669 2746 Domini
713 2705 836 2758 1581.
882 2705 1027 2761 Regni
1069 2719 1175 2748 vero
1218 2705 1360 2747 nostri
1401 2709 1543 2747 sexto.

430 2774 687 2830 Stephanus
719 2777 830 2818 Rex.

599 2873 803 2918 (Egykori‘i
832 2873 1017 2914 masolat,
1045 2885 1070 2909 a
1097 2873 1392 2919 Jezsuita-rend
1420 2871 1724 2915 leveltaraban.)
2023 2880 2058 2908 33

440 2979 453 3000 ¹
482 2979 554 3013 Ld.
583 2980 782 3014 kotetiink
812 2991 871 3025 51.
900 2992 953 3015 sz.
984 2992 1019 3015 a.
1101 2981 1116 3002 ²
1142 2981 1312 3026 Caligari
1339 2980 1509 3026 psispok,
1537 2979 1741 3014 nunczius.

439 3037 454 3057 ³
482 3037 633 3081 Skarga
665 3038 794 3078 Peter,
828 3039 983 3084 lengyel
1013 3038 1195 3083 jezsuita.

440 3094 455 3116 ⁴
482 3095 515 3129 E
532 3095 679 3129 szerint
695 3106 741 3129 az
757 3106 832 3141 egy
848 3096 1053 3141 honappal
1067 3096 1186 3131 elobb
1201 3096 1286 3130 kelt
1303 3095 1360 3139 (es
1375 3105 1437 3139 49.
1451 3105 1505 3130 sz.
1520 3105 1555 3130 a.
1569 3095 1722 3138 kozfflt)
1738 3094 2010 3141 alapito—level

310 3154 436 3188 ekkor
466 3154 555 3198 meg
583 3163 674 3187 nem
704 3154 789 3188 volt
818 3154 1054 3189 letisztazva
1081 3154 1123 3189 es
1151 3154 1316 3189 alairva.
