2188 3535
357 261 405 295 42
1124 223 1200 256 No.
1238 232 1281 263 14
1713 209 1831 254 [1576
1851 207 1971 250 szept.
1999 211 2040 245 13

358 366 555 424 possidet.
591 359 707 415 Quid
736 354 924 406 denique
954 341 1237 397 Hungariam
1263 341 1468 380 nostram
1496 332 1639 387 magis
1669 326 1880 384 perdidit,
1906 333 2044 376 quam

363 431 613 480 iniustitia?
647 426 837 469 Vivente
854 417 973 461 enim
990 410 1167 456 Mathia
1183 421 1286 464 rege
1303 402 1561 451 iustissimo,
1592 413 1684 442 non
1699 397 1845 440 solum
1861 403 2046 446 regnum

363 508 584 559 integrum
603 495 916 540 conservatum
934 490 1016 533 est,
1037 481 1116 526 sed
1133 479 1273 523 etiam
1292 477 1387 520 XII
1423 470 1665 530 provinciis
1696 458 2046 511 circumiacenti-

364 578 446 619 bus
469 575 665 615 auctum.
691 563 772 605 Illo
795 563 948 603 autem
970 557 1150 597 mortuo
1172 549 1305 592 simul
1327 552 1372 590 et
1395 542 1571 587 iustitia
1598 536 1820 597 paulatim
1847 528 2051 586 extingui

365 643 525 699 coepit,
549 640 677 680 iuxta
699 632 935 686 vulgatum
957 623 1069 667 illud
1090 619 1232 664 nostri
1255 614 1489 661 idiomatis
1511 609 1800 669 proverbium
1818 620 1825 646 ;
1858 604 1914 646 M
1916 600 2053 657 egholt
2082 612 2099 640 5

368 712 545 766 Ma'tya's
575 705 688 749 kircil
717 703 759 745 ές
790 701 973 742 elveszett
1002 709 1052 737 az
1082 692 1274 748 igazsa'g,
1307 689 1355 730 id
1384 690 1478 730 est:
1525 686 1706 726 mortuo
1751 673 1924 720 Mathia
1953 684 2054 726 rege

370 782 499 841 periit
520 776 706 821 iustitia.
730 770 821 815 Ubi
841 768 960 812 enim
981 779 1073 808 non
1093 767 1175 811 est,
1199 759 1278 817 qui
1299 755 1549 801 secundum
1570 754 1687 808 leges
1709 754 2056 802 transgressores

371 852 542 910 puniat,
573 848 755 902 impune
782 842 899 896 leges
927 836 1156 880 violantur
1187 835 1231 874 et
1263 828 1420 885 gravia
1447 825 1612 868 scelera
1644 822 1691 863 in
1712 816 1879 875 populo
1906 810 2057 856 multi-

372 924 607 980 plicantur,
626 931 680 959 ex
694 912 816 956 vitiis
828 908 988 953 deinde
1003 904 1210 949 oriuntur
1221 901 1439 947 haereses,
1459 892 1784 939 contentiones,
1802 884 2058 932 divisiones,

370 993 487 1041 odia,
512 985 745 1035 discordia,
770 997 825 1025 ex
847 975 1078 1023 discordiis
1099 973 1230 1020 bella,
1255 985 1311 1012 ex
1332 968 1458 1011 bellis
1480 965 1651 1012 caedes,
1676 961 1817 1004 fames
1839 961 1885 1000 et
1906 952 2058 1012 pestis,
2076 968 2110 996 10

372 1080 427 1108 ex
447 1063 516 1105 his
536 1058 721 1102 tandem
742 1049 1031 1106 consequitur
1051 1040 1302 1088 destructio
1336 1050 1575 1094 regnorum
1596 1039 1641 1076 et
1662 1029 1833 1075 eversio
1866 1025 2060 1069 urbium.

488 1131 574 1175 Sed
599 1126 812 1184 quoniam
838 1123 891 1165 de
917 1118 1092 1162 iustitia
1116 1114 1228 1158 satis
1253 1110 1359 1159 dixi,
1388 1121 1509 1151 nunc
1534 1105 1589 1148 de
1614 1100 1895 1157 benignitate
1920 1108 2066 1152 pauca

376 1205 537 1248 dicam.
562 1201 686 1243 Haec
709 1196 852 1239 virtus
871 1197 937 1234 est
959 1187 1101 1232 veluti
1123 1186 1434 1239 temperatura
1457 1175 1672 1223 iustitiae,
1697 1171 1781 1214 nisi
1803 1168 1922 1213 enim
1944 1178 2067 1209 seve-

378 1276 490 1319 ritas
529 1269 727 1314 iustitiae
767 1259 1069 1308 misericordia
1109 1261 1153 1299 et
1194 1251 1479 1309 benignitate
1520 1247 1811 1302 temperetur,
1855 1237 1983 1282 facile
2023 1234 2069 1277 in

380 1342 668 1402 tyrannidem
688 1338 939 1393 degenerat.
969 1332 1117 1387 Quam
1137 1327 1196 1370 ob
1216 1339 1310 1368 rem
1334 1320 1530 1365 Romani
1553 1331 1644 1360 non
1663 1314 1809 1357 solum
1829 1307 2070 1354 severitate
2085 1316 2118 1345 15

382 1414 594 1461 iustitiae,
628 1409 706 1453 sed
735 1407 872 1450 etiam
904 1400 1183 1457 benignitate
1215 1395 1463 1439 alienarum
1495 1387 1701 1447 gentium
1733 1382 1907 1427 animos
1938 1377 1997 1421 ad
2027 1389 2072 1419 se

382 1483 717 1544 pertrahebant.
762 1479 891 1520 Hanc
933 1474 991 1516 ob
1032 1482 1218 1514 causam
1260 1471 1305 1509 et
1347 1463 1576 1519 Jonathas
1616 1454 1891 1500 Machabeus
1931 1446 2073 1492 consi-
2186 1474 2188 1520 1

386 1558 545 1600 derata
577 1547 891 1595 benevolentia
925 1546 1238 1588 Romanorum
1261 1536 1361 1579 iniit
1384 1533 1543 1576 foedus
1578 1525 1803 1572 amicitiae
1837 1535 1941 1565 cum
1975 1517 2072 1561 illis.

386 1629 529 1684 Cyrus
569 1635 748 1679 quoque
788 1617 1014 1663 laudatur,
1058 1610 1182 1668 quod
1220 1604 1544 1651 humanissime
1587 1599 1780 1642 Iudaeos
1820 1592 2075 1636 tractasset.

396 1700 580 1754 Quanta
603 1707 707 1735 vero
732 1691 776 1732 in
801 1694 845 1730 te
869 1687 926 1730 sit
951 1682 1220 1739 benignitas,
1248 1693 1326 1721 rex
1351 1673 1651 1720 Serenissime,
1679 1669 1908 1710 testantur
1930 1661 1974 1711 ii,
2001 1657 2126 1716 quizo

392 1768 586 1825 primum
614 1776 756 1806 errore
804 1758 1002 1815 quodam
1046 1751 1237 1808 decepti,
1282 1745 1465 1792 alienati
1494 1759 1520 1787 a
1546 1744 1646 1786 Tua
1670 1736 1747 1782 Mte
1776 1737 1973 1781 fuerunt,
2003 1728 2082 1772 sed

393 1843 552 1896 postea
574 1834 657 1877 sibi
680 1838 724 1875 et
748 1830 920 1887 patriae
944 1825 1241 1871 consulentes,
1267 1818 1459 1862 humiles
1483 1815 1542 1858 ad
1565 1819 1612 1855 te
1635 1807 1801 1854 reversi
1823 1808 1943 1852 sunt,
1969 1813 2082 1858 quos

391 1923 482 1952 non
519 1907 663 1949 solum
700 1902 888 1956 benigne
926 1899 1010 1941 sub
1047 1902 1176 1937 tuam
1213 1891 1408 1934 tutelam
1431 1892 1476 1930 et
1499 1881 1825 1942 profectionem
1861 1869 2081 1929 recepisti,

391 1979 470 2023 sed
501 1977 638 2020 etiam
669 1971 982 2016 honestissime
1014 1963 1224 2010 tractasti
1256 1967 1300 2005 et
1332 1958 1581 2003 honoribus
1614 1949 1794 1997 auxisti.
1846 1947 1946 1989 Iam
1977 1955 2084 1986 vero
2181 1968 2185 1995 ,

392 2051 458 2093 ita
490 2048 640 2091 faciles
672 2045 730 2088 ad
762 2049 806 2085 te
838 2041 988 2084 aditus
1020 2037 1317 2094 privatorum,
1367 2031 1434 2073 ita
1481 2028 1647 2070 liberae
1693 2015 1999 2078 querimoniae
2031 2012 2133 2055 de25

399 2121 587 2164 aliorum
617 2114 787 2159 iniuriis
817 2127 910 2155 esse
940 2111 1165 2156 dicuntur,
1197 2109 1250 2147 ut
1281 2102 1359 2160 qui
1389 2099 1611 2156 dignitate
1642 2090 1865 2150 principes
1894 2082 2085 2131 excellis,

2178 2154 2183 2194 l

395 2262 513 2306 sint:
546 2262 761 2314 superest,
785 2260 837 2296 ut
862 2254 917 2296 de
953 2250 1141 2294 scientia
1171 2246 1233 2290 rei
1261 2242 1468 2288 militaris
1504 2239 1656 2295 aliqua
1689 2229 1937 2277 subiiciam.
1973 2226 2092 2268 Tota
2178 2196 2183 2240 ἶ

401 2334 510 2375 haec
531 2329 692 2386 peritia
711 2342 734 2369 e
755 2325 954 2382 quinque
975 2319 1261 2378 potissimum
1281 2315 1414 2358 rebus
1435 2313 1684 2368 spectatur,
1707 2296 2092 2361 quemadmodum
2176 2286 2181 2370 ἔ

403 2403 487 2445 viri
514 2400 750 2456 sapientes,
774 2394 1016 2439 memoriae
1038 2389 1334 2448 prodiderunt
1355 2400 1363 2429 :
1391 2398 1447 2427 ex
1469 2382 1622 2425 labore
1648 2377 1697 2419 in
1722 2370 1927 2429 negotiis,
1956 2382 1979 2411 e
2007 2366 2092 2409 for·
2108 2376 2142 2405 3ο

403 2472 596 2514 titudine
624 2470 670 2512 in
698 2466 916 2524 periculis,
947 2479 1002 2507 ex
1030 2458 1256 2505 industria
1283 2457 1329 2499 in
1359 2453 1546 2511 agendo,
1577 2465 1632 2493 ex
1660 2444 1890 2490 celeritate
1917 2439 1964 2482 in
1991 2450 2094 2480 con-
2174 2372 2181 2504 i

404 2541 592 2585 ficiendo
627 2545 671 2582 et
707 2553 761 2581 ex
797 2534 979 2580 consilio
1015 2533 1061 2575 in
1096 2527 1405 2588 providendo;
1445 2537 1561 2581 quae
1602 2517 1758 2563 omnia
1804 2513 1851 2556 in
1889 2511 1988 2554 Tua
2021 2505 2098 2550 Mte
2174 2505 2178 2560 Ι

407 2626 583 2655 summa
601 2624 707 2659 esse,
728 2607 856 2650 testis
876 2611 943 2649 est
970 2619 1050 2648 arx
1076 2599 1326 2645 fortissima
1350 2598 1560 2651 Fogaras,
1587 2603 1727 2647 quam
1751 2585 1855 2628 licet
1880 2595 1936 2624 ne
1960 2579 2102 2634 impe·>
2173 2561 2178 2580 ¹

410 2687 532 2725 rator
556 2680 736 2736 quidem
760 2680 1008 2721 Turcarum
1033 2688 1137 2717 cum
1162 2669 1288 2715 omni
1311 2682 1392 2711 suo
1417 2663 1619 2708 exercitu
1643 2656 1848 2716 pluribus
1871 2649 2100 2695 mensibus
2171 2585 2177 2707 i

412 2765 568 2807 capere
604 2749 835 2805 potuisset,
864 2762 891 2790 a
914 2748 1013 2789 Tua
1039 2750 1194 2787 tamen
1227 2738 1305 2783 Mte
1331 2737 1494 2792 exigua
1517 2745 1657 2776 manu
1682 2733 1727 2772 et
1753 2726 1875 2768 intra
1898 2720 2148 2764 triduumss
2170 2713 2175 2804 ι

414 2823 504 2865 iere
526 2824 784 2875 expugnata
803 2823 883 2861 est.
910 2816 1056 2860 Testis
1081 2818 1149 2857 est
1171 2813 1404 2866 Gasparus
1436 2803 1666 2850 Bekesius,
1698 2797 1825 2842 cuius
1855 2791 2103 2837 exercitum
2169 2805 2174 2862 5

415 2897 549 2935 tanta
591 2889 801 2931 felicitate
845 2893 888 2930 et
932 2885 1160 2929 celeritate
1204 2878 1378 2927 fudisti,
1425 2877 1652 2929 ducesque
1695 2869 1790 2912 eius
1832 2862 1956 2919 turpi
1998 2861 2105 2916 fuga
2168 2865 2173 2886 ⁸

415 2963 607 3006 salutem
626 2959 709 3001 sibi
726 2972 935 3014 quaerere
953 2953 1223 3012 compulisti,
1244 2965 1295 2994 ac
1314 2949 1351 2992 si
1371 2961 1463 2990 non
1479 2959 1583 2988 cum
1601 2940 1708 2984 viris
1725 2934 2009 2981 militaribus,
2028 2929 2107 2974 sed

419 3047 520 3078 cum
538 3029 739 3077 imbellis,
757 3027 1024 3070 effeminatis
1039 3031 1084 3069 et
1101 3022 1272 3067 timidis
1291 3017 1443 3077 pueris
1461 3019 1691 3059 certamen
1709 3007 1794 3052 tibi
1812 3006 1941 3048 foret.
1962 2999 2108 3045 Testis

418 3102 611 3157 denique
647 3104 713 3141 est
751 3098 946 3146 Polonia,
984 3097 1030 3139 in
1067 3109 1159 3152 qua
1192 3106 1298 3137 cum
1334 3089 1552 3135 diversae,
1589 3083 1924 3132 distractaeque
1959 3063 2170 3169 essentwi

418 3174 476 3216 de
511 3185 630 3214 novo
665 3183 764 3225 rege
799 3167 999 3223 eligendo
1035 3164 1288 3209 sententiae
1324 3163 1531 3213 essetque
1565 3151 1817 3197 obscuritas
1868 3144 2107 3202 quaedam,
2164 3178 2169 3189 „

2162 3194 2169 3266 1
