<?xml version="1.0" encoding="UTF-8"?>
<!DOCTYPE html PUBLIC "-//W3C//DTD XHTML 1.0 Transitional//EN"
    "http://www.w3.org/TR/xhtml1/DTD/xhtml1-transitional.dtd">
<html xmlns="http://www.w3.org/1999/xhtml" xml:lang="en" lang="en">
 <head>
  <title>
</title>
<meta http-equiv="Content-Type" content="text/html;charset=utf-8" />
  <meta name='ocr-system' content='tesseract 3.04.00' />
  <meta name='ocr-capabilities' content='ocr_page ocr_carea ocr_par ocr_line ocrx_word'/>
</head>
<body>
  <div class='ocr_page' id='page_1' title='image "./epistolaeetactaj01vereuoft_0234.png"; bbox 0 0 2188 3535; ppageno 0'>
   <div class='ocr_carea' id='block_1_1' title="bbox 367 175 2046 221">
    <p class='ocr_par' dir='ltr' id='par_1_1' title="bbox 367 175 2046 221">
     <span class='ocr_line' id='line_1_1' title="bbox 367 175 2046 221; baseline -0.002 -7"><span class='ocrx_word' id='word_1_1' title='bbox 367 180 437 214; x_wconf 88' lang='lat'>180</span> <span class='ocrx_word' id='word_1_2' title='bbox 1130 175 1207 210; x_wconf 91' lang='lat' dir='ltr'>No.</span> <span class='ocrx_word' id='word_1_3' title='bbox 1236 183 1284 220; x_wconf 85' lang='lat'>59</span> <span class='ocrx_word' id='word_1_4' title='bbox 1720 176 1832 219; x_wconf 84' lang='lat'>[1581</span> <span class='ocrx_word' id='word_1_5' title='bbox 1868 178 1992 221; x_wconf 85' lang='lat' dir='ltr'>szept.</span> <span class='ocrx_word' id='word_1_6' title='bbox 2031 185 2046 211; x_wconf 92' lang='lat'>1</span> 
     </span>
    </p>
   </div>
   <div class='ocr_carea' id='block_1_2' title="bbox 352 292 2100 3115">
    <p class='ocr_par' dir='ltr' id='par_1_2' title="bbox 356 292 2100 1272">
     <span class='ocr_line' id='line_1_2' title="bbox 362 292 2052 350; baseline -0.002 -10"><span class='ocrx_word' id='word_1_7' title='bbox 362 311 560 339; x_wconf 88' lang='lat' dir='ltr'>mensem</span> <span class='ocrx_word' id='word_1_8' title='bbox 582 294 875 338; x_wconf 84' lang='lat' dir='ltr'>Decembrem</span> <span class='ocrx_word' id='word_1_9' title='bbox 898 292 1065 335; x_wconf 79' lang='lat' dir='ltr'>differri</span> <span class='ocrx_word' id='word_1_10' title='bbox 1096 292 1238 335; x_wconf 90' lang='lat' dir='ltr'>iussit.</span> <span class='ocrx_word' id='word_1_11' title='bbox 1271 292 1499 336; x_wconf 77' lang='lat' dir='ltr'>Iuniorem</span> <span class='ocrx_word' id='word_1_12' title='bbox 1529 293 1776 350; x_wconf 83' lang='lat' dir='ltr'>principem</span> <span class='ocrx_word' id='word_1_13' title='bbox 1805 294 1890 336; x_wconf 91' lang='lat' dir='ltr'>sub</span> <span class='ocrx_word' id='word_1_14' title='bbox 1921 293 2052 336; x_wconf 91' lang='lat' dir='ltr'>disci-</span> 
     </span>
     <span class='ocr_line' id='line_1_3' title="bbox 361 364 2052 424; baseline -0.002 -14"><span class='ocrx_word' id='word_1_15' title='bbox 361 368 483 424; x_wconf 87' lang='lat' dir='ltr'>plina</span> <span class='ocrx_word' id='word_1_16' title='bbox 529 371 785 408; x_wconf 90' lang='lat' dir='ltr'>nostrorum</span> <span class='ocrx_word' id='word_1_17' title='bbox 830 367 1028 418; x_wconf 86' lang='lat' dir='ltr'>patrum,</span> <span class='ocrx_word' id='word_1_18' title='bbox 1077 364 1464 419; x_wconf 84' lang='lat' dir='ltr'>quemadmodum</span> <span class='ocrx_word' id='word_1_19' title='bbox 1510 364 1722 407; x_wconf 86' lang='lat' dir='ltr'>voluntas</span> <span class='ocrx_word' id='word_1_20' title='bbox 1768 365 1911 420; x_wconf 90' lang='lat' dir='ltr'>patris</span> <span class='ocrx_word' id='word_1_21' title='bbox 1957 365 2052 407; x_wconf 90' lang='lat' dir='ltr'>eius</span> 
     </span>
     <span class='ocr_line' id='line_1_4' title="bbox 361 433 2051 492; baseline -0.001 -12"><span class='ocrx_word' id='word_1_22' title='bbox 361 438 521 486; x_wconf 80' lang='lat' dir='ltr'>fuerat,</span> <span class='ocrx_word' id='word_1_23' title='bbox 545 448 826 492; x_wconf 87' lang='lat' dir='ltr'>perseverare</span> <span class='ocrx_word' id='word_1_24' title='bbox 847 433 1098 476; x_wconf 90' lang='lat' dir='ltr'>mandavit.</span> <span class='ocrx_word' id='word_1_25' title='bbox 1124 435 1243 477; x_wconf 89' lang='lat' dir='ltr'>Item</span> <span class='ocrx_word' id='word_1_26' title='bbox 1262 440 1314 477; x_wconf 92' lang='lat' dir='ltr'>ut</span> <span class='ocrx_word' id='word_1_27' title='bbox 1336 435 1500 486; x_wconf 88' lang='lat' dir='ltr'>omnia,</span> <span class='ocrx_word' id='word_1_28' title='bbox 1519 450 1634 491; x_wconf 90' lang='lat' dir='ltr'>quae</span> <span class='ocrx_word' id='word_1_29' title='bbox 1650 436 1789 477; x_wconf 78' lang='lat' dir='ltr'>frater</span> <span class='ocrx_word' id='word_1_30' title='bbox 1811 435 2051 478; x_wconf 82' lang='lat' dir='ltr'>defunctus</span> 
     </span>
     <span class='ocr_line' id='line_1_5' title="bbox 362 505 2051 563; baseline -0.001 -13"><span class='ocrx_word' id='word_1_31' title='bbox 362 511 635 550; x_wconf 88' lang='lat' dir='ltr'>testamento</span> <span class='ocrx_word' id='word_1_32' title='bbox 666 505 856 560; x_wconf 80' lang='lat' dir='ltr'>legasset</span> <span class='ocrx_word' id='word_1_33' title='bbox 889 509 934 547; x_wconf 92' lang='lat' dir='ltr'>et</span> <span class='ocrx_word' id='word_1_34' title='bbox 965 505 1239 555; x_wconf 78' lang='lat' dir='ltr'>mandasset,</span> <span class='ocrx_word' id='word_1_35' title='bbox 1274 506 1510 563; x_wconf 84' lang='lat' dir='ltr'>diligenter</span> <span class='ocrx_word' id='word_1_36' title='bbox 1539 510 1896 562; x_wconf 81' lang='lat' dir='ltr'>exequerentur:</span> <span class='ocrx_word' id='word_1_37' title='bbox 1931 506 2051 549; x_wconf 87' lang='lat' dir='ltr'>mille</span> 
     </span>
     <span class='ocr_line' id='line_1_6' title="bbox 360 574 2100 633; baseline -0.002 -13"><span class='ocrx_word' id='word_1_38' title='bbox 360 579 549 620; x_wconf 88' lang='lat' dir='ltr'>florenos</span> <span class='ocrx_word' id='word_1_39' title='bbox 590 590 670 631; x_wconf 91' lang='lat' dir='ltr'>pro</span> <span class='ocrx_word' id='word_1_40' title='bbox 713 574 885 617; x_wconf 80' lang='lat' dir='ltr'>fabrica</span> <span class='ocrx_word' id='word_1_41' title='bbox 926 575 1182 619; x_wconf 82' lang='lat' dir='ltr'>scholarum</span> <span class='ocrx_word' id='word_1_42' title='bbox 1223 581 1269 619; x_wconf 91' lang='lat' dir='ltr'>et</span> <span class='ocrx_word' id='word_1_43' title='bbox 1311 577 1483 633; x_wconf 85' lang='lat' dir='ltr'>collegii</span> <span class='ocrx_word' id='word_1_44' title='bbox 1524 577 1654 619; x_wconf 89' lang='lat' dir='ltr'>nobis</span> <span class='ocrx_word' id='word_1_45' title='bbox 1696 576 1825 619; x_wconf 88' lang='lat' dir='ltr'>annis</span> <span class='ocrx_word' id='word_1_46' title='bbox 1867 576 2052 633; x_wconf 87' lang='lat' dir='ltr'>singulis</span> <span class='ocrx_word' id='word_1_47' title='bbox 2081 590 2100 617; x_wconf 89' lang='lat'><strong>5</strong></span> 
     </span>
     <span class='ocr_line' id='line_1_7' title="bbox 359 645 2052 704; baseline 0.001 -15"><span class='ocrx_word' id='word_1_48' title='bbox 359 648 583 689; x_wconf 89' lang='lat' dir='ltr'>solverent</span> <span class='ocrx_word' id='word_1_49' title='bbox 606 646 664 688; x_wconf 90' lang='lat' dir='ltr'>ad</span> <span class='ocrx_word' id='word_1_50' title='bbox 685 645 1058 702; x_wconf 88' lang='lat' dir='ltr'>quinquennium.</span> <span class='ocrx_word' id='word_1_51' title='bbox 1085 647 1322 697; x_wconf 86' lang='lat' dir='ltr'>Piscinam,</span> <span class='ocrx_word' id='word_1_52' title='bbox 1343 663 1483 704; x_wconf 89' lang='lat' dir='ltr'>quam</span> <span class='ocrx_word' id='word_1_53' title='bbox 1504 648 1711 704; x_wconf 88' lang='lat' dir='ltr'>princeps</span> <span class='ocrx_word' id='word_1_54' title='bbox 1732 652 1835 703; x_wconf 90' lang='lat' dir='ltr'>post</span> <span class='ocrx_word' id='word_1_55' title='bbox 1857 652 2052 690; x_wconf 90' lang='lat' dir='ltr'>mortem</span> 
     </span>
     <span class='ocr_line' id='line_1_8' title="bbox 359 716 2050 775; baseline 0.001 -15"><span class='ocrx_word' id='word_1_56' title='bbox 359 732 488 760; x_wconf 90' lang='lat' dir='ltr'>suam</span> <span class='ocrx_word' id='word_1_57' title='bbox 534 716 717 772; x_wconf 89' lang='lat' dir='ltr'>collegio</span> <span class='ocrx_word' id='word_1_58' title='bbox 761 717 1020 760; x_wconf 89' lang='lat' dir='ltr'>relicturam</span> <span class='ocrx_word' id='word_1_59' title='bbox 1053 732 1098 760; x_wconf 88' lang='lat' dir='ltr'>se</span> <span class='ocrx_word' id='word_1_60' title='bbox 1131 719 1412 774; x_wconf 85' lang='lat' dir='ltr'>promiserat,</span> <span class='ocrx_word' id='word_1_61' title='bbox 1460 723 1753 774; x_wconf 82' lang='lat' dir='ltr'>repurgarent</span> <span class='ocrx_word' id='word_1_62' title='bbox 1786 723 1831 760; x_wconf 90' lang='lat' dir='ltr'>et</span> <span class='ocrx_word' id='word_1_63' title='bbox 1864 733 2050 775; x_wconf 89' lang='lat' dir='ltr'>praepa-</span> 
     </span>
     <span class='ocr_line' id='line_1_9' title="bbox 358 788 2047 845; baseline 0.001 -15"><span class='ocrx_word' id='word_1_64' title='bbox 358 793 506 831; x_wconf 90' lang='lat' dir='ltr'>ratam</span> <span class='ocrx_word' id='word_1_65' title='bbox 550 788 679 830; x_wconf 90' lang='lat' dir='ltr'>nobis</span> <span class='ocrx_word' id='word_1_66' title='bbox 737 788 981 830; x_wconf 84' lang='lat' dir='ltr'>traderent.</span> <span class='ocrx_word' id='word_1_67' title='bbox 1043 789 1168 831; x_wconf 90' lang='lat' dir='ltr'>Haec</span> <span class='ocrx_word' id='word_1_68' title='bbox 1213 789 1385 845; x_wconf 90' lang='lat' dir='ltr'>piscina</span> <span class='ocrx_word' id='word_1_69' title='bbox 1430 790 1688 832; x_wconf 89' lang='lat' dir='ltr'>vastissima</span> <span class='ocrx_word' id='word_1_70' title='bbox 1733 789 1897 831; x_wconf 91' lang='lat' dir='ltr'>dicitur</span> <span class='ocrx_word' id='word_1_71' title='bbox 1941 803 2047 832; x_wconf 86' lang='lat' dir='ltr'>esse.</span> 
     </span>
     <span class='ocr_line' id='line_1_10' title="bbox 359 858 2048 917; baseline 0.001 -15"><span class='ocrx_word' id='word_1_72' title='bbox 359 859 634 902; x_wconf 87' lang='lat' dir='ltr'>Extenditur</span> <span class='ocrx_word' id='word_1_73' title='bbox 669 858 788 901; x_wconf 88' lang='lat' dir='ltr'>enim</span> <span class='ocrx_word' id='word_1_74' title='bbox 810 859 856 901; x_wconf 91' lang='lat' dir='ltr'>in</span> <span class='ocrx_word' id='word_1_75' title='bbox 877 859 1158 915; x_wconf 88' lang='lat' dir='ltr'>longitudine</span> <span class='ocrx_word' id='word_1_76' title='bbox 1193 861 1253 902; x_wconf 92' lang='lat' dir='ltr'>ad</span> <span class='ocrx_word' id='word_1_77' title='bbox 1273 861 1299 904; x_wconf 89' lang='lat'>8</span> <span class='ocrx_word' id='word_1_78' title='bbox 1323 865 1403 903; x_wconf 90' lang='lat' dir='ltr'>aut</span> <span class='ocrx_word' id='word_1_79' title='bbox 1426 874 1452 917; x_wconf 88' lang='lat'>9</span> <span class='ocrx_word' id='word_1_80' title='bbox 1474 861 1682 903; x_wconf 86' lang='lat' dir='ltr'>milliaria</span> <span class='ocrx_word' id='word_1_81' title='bbox 1705 860 1865 903; x_wconf 90' lang='lat' dir='ltr'>Italica</span> <span class='ocrx_word' id='word_1_82' title='bbox 1884 875 1893 912; x_wconf 86' lang='lat'>;</span> <span class='ocrx_word' id='word_1_83' title='bbox 1918 874 2048 917; x_wconf 88' lang='lat' dir='ltr'>quae,</span> 
     </span>
     <span class='ocr_line' id='line_1_11' title="bbox 359 930 2100 988; baseline 0 -17"><span class='ocrx_word' id='word_1_84' title='bbox 359 930 467 986; x_wconf 90' lang='lat' dir='ltr'>quia</span> <span class='ocrx_word' id='word_1_85' title='bbox 492 930 637 972; x_wconf 91' lang='lat' dir='ltr'>multo</span> <span class='ocrx_word' id='word_1_86' title='bbox 665 934 868 986; x_wconf 91' lang='lat' dir='ltr'>tempore</span> <span class='ocrx_word' id='word_1_87' title='bbox 893 931 1098 987; x_wconf 88' lang='lat' dir='ltr'>neglecta</span> <span class='ocrx_word' id='word_1_88' title='bbox 1125 931 1287 980; x_wconf 79' lang='lat' dir='ltr'>fuerat,</span> <span class='ocrx_word' id='word_1_89' title='bbox 1317 931 1524 988; x_wconf 89' lang='lat' dir='ltr'>princeps</span> <span class='ocrx_word' id='word_1_90' title='bbox 1552 946 1632 987; x_wconf 91' lang='lat' dir='ltr'>pro</span> <span class='ocrx_word' id='word_1_91' title='bbox 1661 946 1706 974; x_wconf 89' lang='lat' dir='ltr'>se</span> <span class='ocrx_word' id='word_1_92' title='bbox 1733 945 1834 974; x_wconf 88' lang='lat' dir='ltr'>eam</span> <span class='ocrx_word' id='word_1_93' title='bbox 1861 932 2050 974; x_wconf 91' lang='lat' dir='ltr'>curabat</span> <span class='ocrx_word' id='word_1_94' title='bbox 2064 944 2100 972; x_wconf 78' lang='grc' dir='ltr'>ιο</span> 
     </span>
     <span class='ocr_line' id='line_1_12' title="bbox 359 1000 2051 1059; baseline 0.002 -17"><span class='ocrx_word' id='word_1_95' title='bbox 359 1001 568 1056; x_wconf 90' lang='lat' dir='ltr'>reparari,</span> <span class='ocrx_word' id='word_1_96' title='bbox 599 1000 678 1043; x_wconf 88' lang='lat' dir='ltr'>sed</span> <span class='ocrx_word' id='word_1_97' title='bbox 705 1001 1018 1057; x_wconf 79' lang='lat' dir='ltr'>imperfectam</span> <span class='ocrx_word' id='word_1_98' title='bbox 1045 1002 1238 1059; x_wconf 91' lang='lat' dir='ltr'>reliquit.</span> <span class='ocrx_word' id='word_1_99' title='bbox 1272 1003 1403 1045; x_wconf 91' lang='lat' dir='ltr'>Nunc</span> <span class='ocrx_word' id='word_1_100' title='bbox 1431 1017 1512 1059; x_wconf 92' lang='lat' dir='ltr'>pro</span> <span class='ocrx_word' id='word_1_101' title='bbox 1541 1003 1671 1045; x_wconf 90' lang='lat' dir='ltr'>nobis</span> <span class='ocrx_word' id='word_1_102' title='bbox 1699 1017 1778 1058; x_wconf 93' lang='lat' dir='ltr'>per</span> <span class='ocrx_word' id='word_1_103' title='bbox 1806 1007 2051 1045; x_wconf 89' lang='lat' dir='ltr'>testamen-</span> 
     </span>
     <span class='ocr_line' id='line_1_13' title="bbox 360 1072 2050 1130; baseline 0.002 -17"><span class='ocrx_word' id='word_1_104' title='bbox 360 1072 498 1114; x_wconf 91' lang='lat' dir='ltr'>tarios</span> <span class='ocrx_word' id='word_1_105' title='bbox 528 1077 776 1127; x_wconf 87' lang='lat' dir='ltr'>reparatur,</span> <span class='ocrx_word' id='word_1_106' title='bbox 810 1087 902 1115; x_wconf 90' lang='lat' dir='ltr'>una</span> <span class='ocrx_word' id='word_1_107' title='bbox 933 1087 1037 1115; x_wconf 90' lang='lat' dir='ltr'>cum</span> <span class='ocrx_word' id='word_1_108' title='bbox 1069 1074 1189 1117; x_wconf 91' lang='lat' dir='ltr'>mola</span> <span class='ocrx_word' id='word_1_109' title='bbox 1221 1073 1394 1130; x_wconf 89' lang='lat' dir='ltr'>aliquot</span> <span class='ocrx_word' id='word_1_110' title='bbox 1426 1078 1659 1116; x_wconf 86' lang='lat' dir='ltr'>rotarum:</span> <span class='ocrx_word' id='word_1_111' title='bbox 1695 1087 1812 1130; x_wconf 89' lang='lat' dir='ltr'>quae</span> <span class='ocrx_word' id='word_1_112' title='bbox 1843 1073 1922 1116; x_wconf 91' lang='lat' dir='ltr'>ubi</span> <span class='ocrx_word' id='word_1_113' title='bbox 1953 1087 2050 1129; x_wconf 88' lang='lat' dir='ltr'>per-</span> 
     </span>
     <span class='ocr_line' id='line_1_14' title="bbox 357 1142 2050 1200; baseline 0.002 -16"><span class='ocrx_word' id='word_1_114' title='bbox 357 1142 476 1185; x_wconf 80' lang='lat' dir='ltr'>fecta</span> <span class='ocrx_word' id='word_1_115' title='bbox 504 1143 651 1193; x_wconf 84' lang='lat' dir='ltr'>fuerit,</span> <span class='ocrx_word' id='word_1_116' title='bbox 676 1157 767 1185; x_wconf 92' lang='lat' dir='ltr'>non</span> <span class='ocrx_word' id='word_1_117' title='bbox 799 1148 982 1186; x_wconf 91' lang='lat' dir='ltr'>tantum</span> <span class='ocrx_word' id='word_1_118' title='bbox 1015 1144 1170 1200; x_wconf 90' lang='lat' dir='ltr'>pisces,</span> <span class='ocrx_word' id='word_1_119' title='bbox 1207 1145 1287 1187; x_wconf 91' lang='lat' dir='ltr'>sed</span> <span class='ocrx_word' id='word_1_120' title='bbox 1319 1145 1458 1187; x_wconf 89' lang='lat' dir='ltr'>etiam</span> <span class='ocrx_word' id='word_1_121' title='bbox 1492 1144 1696 1187; x_wconf 91' lang='lat' dir='ltr'>triticum</span> <span class='ocrx_word' id='word_1_122' title='bbox 1730 1145 1824 1187; x_wconf 90' lang='lat' dir='ltr'>sive</span> <span class='ocrx_word' id='word_1_123' title='bbox 1857 1144 2050 1187; x_wconf 82' lang='lat' dir='ltr'>farinam</span> 
     </span>
     <span class='ocr_line' id='line_1_15' title="bbox 356 1213 1834 1272; baseline 0.001 -16"><span class='ocrx_word' id='word_1_124' title='bbox 356 1213 655 1256; x_wconf 82' lang='lat' dir='ltr'>sufficientem</span> <span class='ocrx_word' id='word_1_125' title='bbox 696 1228 776 1270; x_wconf 92' lang='lat' dir='ltr'>pro</span> <span class='ocrx_word' id='word_1_126' title='bbox 818 1214 1023 1257; x_wconf 89' lang='lat' dir='ltr'>ducentis</span> <span class='ocrx_word' id='word_1_127' title='bbox 1064 1215 1281 1258; x_wconf 80' lang='lat' dir='ltr'>fratribus</span> <span class='ocrx_word' id='word_1_128' title='bbox 1322 1216 1613 1272; x_wconf 90' lang='lat' dir='ltr'>suppeditare</span> <span class='ocrx_word' id='word_1_129' title='bbox 1655 1215 1834 1272; x_wconf 88' lang='lat' dir='ltr'>poterit.</span> 
     </span>
    </p>

    <p class='ocr_par' dir='ltr' id='par_1_3' title="bbox 352 1285 2099 2818">
     <span class='ocr_line' id='line_1_16' title="bbox 473 1285 2099 1343; baseline 0 -17"><span class='ocrx_word' id='word_1_130' title='bbox 473 1285 657 1340; x_wconf 82' lang='lat' dir='ltr'>Scripsit</span> <span class='ocrx_word' id='word_1_131' title='bbox 679 1290 911 1340; x_wconf 86' lang='lat' dir='ltr'>praeterea</span> <span class='ocrx_word' id='word_1_132' title='bbox 933 1287 1248 1329; x_wconf 91' lang='lat' dir='ltr'>Serenissimus</span> <span class='ocrx_word' id='word_1_133' title='bbox 1269 1301 1347 1329; x_wconf 85' lang='lat' dir='ltr'>rex</span> <span class='ocrx_word' id='word_1_134' title='bbox 1369 1288 1427 1329; x_wconf 93' lang='lat' dir='ltr'>ad</span> <span class='ocrx_word' id='word_1_135' title='bbox 1449 1301 1653 1343; x_wconf 89' lang='lat' dir='ltr'>proceres</span> <span class='ocrx_word' id='word_1_136' title='bbox 1674 1287 1798 1343; x_wconf 90' lang='lat' dir='ltr'>regni</span> <span class='ocrx_word' id='word_1_137' title='bbox 1819 1301 1899 1343; x_wconf 93' lang='lat' dir='ltr'>pro</span> <span class='ocrx_word' id='word_1_138' title='bbox 1920 1286 2050 1329; x_wconf 91' lang='lat' dir='ltr'>nobis</span> <span class='ocrx_word' id='word_1_139' title='bbox 2064 1299 2099 1326; x_wconf 78' lang='lat'>15</span> 
     </span>
     <span class='ocr_line' id='line_1_17' title="bbox 355 1355 2050 1414; baseline 0.002 -18"><span class='ocrx_word' id='word_1_140' title='bbox 355 1355 521 1405; x_wconf 89' lang='lat' dir='ltr'>literas,</span> <span class='ocrx_word' id='word_1_141' title='bbox 558 1356 880 1399; x_wconf 90' lang='lat' dir='ltr'>commendans</span> <span class='ocrx_word' id='word_1_142' title='bbox 913 1371 994 1399; x_wconf 92' lang='lat' dir='ltr'>nos</span> <span class='ocrx_word' id='word_1_143' title='bbox 1027 1357 1157 1400; x_wconf 89' lang='lat' dir='ltr'>unice</span> <span class='ocrx_word' id='word_1_144' title='bbox 1191 1357 1276 1399; x_wconf 91' lang='lat' dir='ltr'>illis</span> <span class='ocrx_word' id='word_1_145' title='bbox 1310 1363 1355 1400; x_wconf 96' lang='lat' dir='ltr'>et</span> <span class='ocrx_word' id='word_1_146' title='bbox 1389 1358 1680 1414; x_wconf 89' lang='lat' dir='ltr'>praecipiens,</span> <span class='ocrx_word' id='word_1_147' title='bbox 1721 1372 1777 1400; x_wconf 91' lang='lat' dir='ltr'>ne</span> <span class='ocrx_word' id='word_1_148' title='bbox 1806 1357 2050 1414; x_wconf 89' lang='lat' dir='ltr'>quicquam</span> 
     </span>
     <span class='ocr_line' id='line_1_18' title="bbox 358 1426 2049 1484; baseline 0.002 -16"><span class='ocrx_word' id='word_1_149' title='bbox 358 1426 589 1469; x_wconf 91' lang='lat' dir='ltr'>molestiae</span> <span class='ocrx_word' id='word_1_150' title='bbox 631 1426 792 1469; x_wconf 86' lang='lat' dir='ltr'>inferre</span> <span class='ocrx_word' id='word_1_151' title='bbox 835 1432 1111 1483; x_wconf 89' lang='lat' dir='ltr'>paterentur.</span> <span class='ocrx_word' id='word_1_152' title='bbox 1159 1429 1343 1484; x_wconf 78' lang='lat' dir='ltr'>Scripsit</span> <span class='ocrx_word' id='word_1_153' title='bbox 1388 1434 1433 1471; x_wconf 91' lang='lat' dir='ltr'>et</span> <span class='ocrx_word' id='word_1_154' title='bbox 1477 1429 1536 1471; x_wconf 90' lang='lat' dir='ltr'>ad</span> <span class='ocrx_word' id='word_1_155' title='bbox 1577 1444 1660 1472; x_wconf 89' lang='lat' dir='ltr'>nos</span> <span class='ocrx_word' id='word_1_156' title='bbox 1702 1429 2049 1472; x_wconf 89' lang='lat' dir='ltr'>consolatoriam</span> 
     </span>
     <span class='ocr_line' id='line_1_19' title="bbox 355 1497 2049 1552; baseline 0.002 -13"><span class='ocrx_word' id='word_1_157' title='bbox 355 1497 606 1552; x_wconf 86' lang='lat' dir='ltr'>epistolam,</span> <span class='ocrx_word' id='word_1_158' title='bbox 632 1497 891 1549; x_wconf 88' lang='lat' dir='ltr'>adhortans,</span> <span class='ocrx_word' id='word_1_159' title='bbox 915 1504 966 1541; x_wconf 92' lang='lat' dir='ltr'>ut</span> <span class='ocrx_word' id='word_1_160' title='bbox 992 1499 1111 1541; x_wconf 92' lang='lat' dir='ltr'>bono</span> <span class='ocrx_word' id='word_1_161' title='bbox 1138 1514 1335 1542; x_wconf 89' lang='lat' dir='ltr'>essemus</span> <span class='ocrx_word' id='word_1_162' title='bbox 1361 1505 1405 1542; x_wconf 90' lang='lat' dir='ltr'>et</span> <span class='ocrx_word' id='word_1_163' title='bbox 1433 1499 1539 1542; x_wconf 83' lang='lat' dir='ltr'>forti</span> <span class='ocrx_word' id='word_1_164' title='bbox 1565 1500 1742 1542; x_wconf 88' lang='lat' dir='ltr'>animo:</span> <span class='ocrx_word' id='word_1_165' title='bbox 1772 1514 1817 1542; x_wconf 89' lang='lat' dir='ltr'>se</span> <span class='ocrx_word' id='word_1_166' title='bbox 1842 1504 2049 1542; x_wconf 86' lang='lat' dir='ltr'>nostrum</span> 
     </span>
     <span class='ocr_line' id='line_1_20' title="bbox 358 1567 2046 1626; baseline 0.002 -17"><span class='ocrx_word' id='word_1_167' title='bbox 358 1567 564 1610; x_wconf 81' lang='lat' dir='ltr'>futurum</span> <span class='ocrx_word' id='word_1_168' title='bbox 615 1574 860 1624; x_wconf 92' lang='lat' dir='ltr'>patronum</span> <span class='ocrx_word' id='word_1_169' title='bbox 912 1574 956 1612; x_wconf 92' lang='lat' dir='ltr'>et</span> <span class='ocrx_word' id='word_1_170' title='bbox 1009 1575 1324 1626; x_wconf 89' lang='lat' dir='ltr'>protectorem,</span> <span class='ocrx_word' id='word_1_171' title='bbox 1379 1585 1460 1613; x_wconf 90' lang='lat' dir='ltr'>nec</span> <span class='ocrx_word' id='word_1_172' title='bbox 1512 1571 1757 1626; x_wconf 85' lang='lat' dir='ltr'>quicquam</span> <span class='ocrx_word' id='word_1_173' title='bbox 1808 1584 2046 1626; x_wconf 89' lang='lat' dir='ltr'>passurum</span> 
     </span>
     <span class='ocr_line' id='line_1_21' title="bbox 355 1639 2094 1697; baseline 0.001 -17"><span class='ocrx_word' id='word_1_174' title='bbox 355 1639 485 1681; x_wconf 91' lang='lat' dir='ltr'>nobis</span> <span class='ocrx_word' id='word_1_175' title='bbox 523 1639 686 1681; x_wconf 89' lang='lat' dir='ltr'>deesse.</span> <span class='ocrx_word' id='word_1_176' title='bbox 728 1640 913 1696; x_wconf 80' lang='lat' dir='ltr'>Scripsit</span> <span class='ocrx_word' id='word_1_177' title='bbox 952 1646 1180 1697; x_wconf 90' lang='lat' dir='ltr'>postremo</span> <span class='ocrx_word' id='word_1_178' title='bbox 1218 1656 1299 1697; x_wconf 91' lang='lat' dir='ltr'>pro</span> <span class='ocrx_word' id='word_1_179' title='bbox 1337 1642 1466 1685; x_wconf 91' lang='lat' dir='ltr'>nobis</span> <span class='ocrx_word' id='word_1_180' title='bbox 1503 1647 1549 1684; x_wconf 91' lang='lat' dir='ltr'>et</span> <span class='ocrx_word' id='word_1_181' title='bbox 1587 1642 1646 1684; x_wconf 90' lang='lat' dir='ltr'>ad</span> <span class='ocrx_word' id='word_1_182' title='bbox 1683 1641 1876 1684; x_wconf 89' lang='lat' dir='ltr'>iudicem</span> <span class='ocrx_word' id='word_1_183' title='bbox 1913 1641 2046 1683; x_wconf 88' lang='lat' dir='ltr'>huius</span> <span class='ocrx_word' id='word_1_184' title='bbox 2059 1653 2094 1680; x_wconf 87' lang='lat'>20</span> 
     </span>
     <span class='ocr_line' id='line_1_22' title="bbox 355 1710 2046 1768; baseline 0.002 -17"><span class='ocrx_word' id='word_1_185' title='bbox 355 1714 535 1752; x_wconf 89' lang='lat' dir='ltr'>nostrae</span> <span class='ocrx_word' id='word_1_186' title='bbox 569 1710 780 1760; x_wconf 88' lang='lat' dir='ltr'>civitatis,</span> <span class='ocrx_word' id='word_1_187' title='bbox 817 1726 953 1767; x_wconf 84' lang='lat' dir='ltr'>quem</span> <span class='ocrx_word' id='word_1_188' title='bbox 986 1712 1183 1768; x_wconf 91' lang='lat' dir='ltr'>primum</span> <span class='ocrx_word' id='word_1_189' title='bbox 1211 1717 1378 1763; x_wconf 86' lang='lat' dir='ltr'>monet,</span> <span class='ocrx_word' id='word_1_190' title='bbox 1404 1717 1456 1755; x_wconf 90' lang='lat' dir='ltr'>ut</span> <span class='ocrx_word' id='word_1_191' title='bbox 1489 1713 1535 1754; x_wconf 93' lang='lat' dir='ltr'>in</span> <span class='ocrx_word' id='word_1_192' title='bbox 1568 1712 1832 1755; x_wconf 87' lang='lat' dir='ltr'>memoriam</span> <span class='ocrx_word' id='word_1_193' title='bbox 1865 1716 2046 1755; x_wconf 87' lang='lat' dir='ltr'>revocet</span> 
     </span>
     <span class='ocr_line' id='line_1_23' title="bbox 356 1781 2043 1839; baseline 0.002 -17"><span class='ocrx_word' id='word_1_194' title='bbox 356 1781 571 1823; x_wconf 86' lang='lat' dir='ltr'>beneficia</span> <span class='ocrx_word' id='word_1_195' title='bbox 586 1796 613 1823; x_wconf 93' lang='lat' dir='ltr'>a</span> <span class='ocrx_word' id='word_1_196' title='bbox 627 1795 672 1823; x_wconf 87' lang='lat' dir='ltr'>se</span> <span class='ocrx_word' id='word_1_197' title='bbox 688 1782 733 1823; x_wconf 90' lang='lat' dir='ltr'>in</span> <span class='ocrx_word' id='word_1_198' title='bbox 749 1783 865 1824; x_wconf 88' lang='lat' dir='ltr'>hanc</span> <span class='ocrx_word' id='word_1_199' title='bbox 882 1782 1116 1825; x_wconf 87' lang='lat' dir='ltr'>civitatem</span> <span class='ocrx_word' id='word_1_200' title='bbox 1132 1783 1296 1826; x_wconf 88' lang='lat' dir='ltr'>collata</span> <span class='ocrx_word' id='word_1_201' title='bbox 1313 1797 1322 1833; x_wconf 87' lang='lat'>;</span> <span class='ocrx_word' id='word_1_202' title='bbox 1345 1783 1468 1839; x_wconf 89' lang='lat' dir='ltr'>quod</span> <span class='ocrx_word' id='word_1_203' title='bbox 1489 1783 1656 1826; x_wconf 89' lang='lat' dir='ltr'>scilicet</span> <span class='ocrx_word' id='word_1_204' title='bbox 1673 1797 1728 1826; x_wconf 86' lang='lat' dir='ltr'>ex</span> <span class='ocrx_word' id='word_1_205' title='bbox 1744 1788 1815 1826; x_wconf 89' lang='lat' dir='ltr'>tot</span> <span class='ocrx_word' id='word_1_206' title='bbox 1830 1783 2043 1833; x_wconf 90' lang='lat' dir='ltr'>sectariis,</span> 
     </span>
     <span class='ocr_line' id='line_1_24' title="bbox 355 1851 2047 1910; baseline 0.002 -18"><span class='ocrx_word' id='word_1_207' title='bbox 355 1851 433 1906; x_wconf 89' lang='lat' dir='ltr'>qui</span> <span class='ocrx_word' id='word_1_208' title='bbox 468 1851 514 1893; x_wconf 91' lang='lat' dir='ltr'>in</span> <span class='ocrx_word' id='word_1_209' title='bbox 549 1852 634 1894; x_wconf 90' lang='lat' dir='ltr'>hac</span> <span class='ocrx_word' id='word_1_210' title='bbox 670 1852 856 1896; x_wconf 88' lang='lat' dir='ltr'>civitate</span> <span class='ocrx_word' id='word_1_211' title='bbox 892 1859 1011 1903; x_wconf 91' lang='lat' dir='ltr'>sunt,</span> <span class='ocrx_word' id='word_1_212' title='bbox 1051 1854 1276 1896; x_wconf 85' lang='lat' dir='ltr'>neminem</span> <span class='ocrx_word' id='word_1_213' title='bbox 1312 1859 1498 1910; x_wconf 90' lang='lat' dir='ltr'>propter</span> <span class='ocrx_word' id='word_1_214' title='bbox 1531 1854 1668 1896; x_wconf 91' lang='lat' dir='ltr'>fidem</span> <span class='ocrx_word' id='word_1_215' title='bbox 1705 1854 1930 1904; x_wconf 78' lang='lat' dir='ltr'>afflixerit,</span> <span class='ocrx_word' id='word_1_216' title='bbox 1968 1854 2047 1896; x_wconf 90' lang='lat' dir='ltr'>sed</span> 
     </span>
     <span class='ocr_line' id='line_1_25' title="bbox 355 1924 2048 1980; baseline 0.002 -17"><span class='ocrx_word' id='word_1_217' title='bbox 355 1937 725 1979; x_wconf 85' lang='lat' dir='ltr'>unumquemque</span> <span class='ocrx_word' id='word_1_218' title='bbox 753 1924 799 1966; x_wconf 94' lang='lat' dir='ltr'>in</span> <span class='ocrx_word' id='word_1_219' title='bbox 828 1938 909 1967; x_wconf 90' lang='lat' dir='ltr'>sua</span> <span class='ocrx_word' id='word_1_220' title='bbox 937 1929 1061 1967; x_wconf 89' lang='lat' dir='ltr'>secta</span> <span class='ocrx_word' id='word_1_221' title='bbox 1090 1925 1274 1980; x_wconf 89' lang='lat' dir='ltr'>pacifice</span> <span class='ocrx_word' id='word_1_222' title='bbox 1302 1925 1649 1976; x_wconf 51' lang='lat' dir='ltr'>conservaverim</span> <span class='ocrx_word' id='word_1_223' title='bbox 1682 1925 1843 1968; x_wconf 91' lang='lat' dir='ltr'>deinde</span> <span class='ocrx_word' id='word_1_224' title='bbox 1871 1925 1919 1967; x_wconf 91' lang='lat' dir='ltr'>id</span> <span class='ocrx_word' id='word_1_225' title='bbox 1946 1939 1992 1968; x_wconf 90' lang='lat' dir='ltr'>se</span> <span class='ocrx_word' id='word_1_226' title='bbox 2020 1939 2048 1967; x_wconf 91' lang='lat' dir='ltr'>a</span> 
     </span>
     <span class='ocr_line' id='line_1_26' title="bbox 356 1993 2094 2052; baseline 0.001 -17"><span class='ocrx_word' id='word_1_227' title='bbox 356 1993 529 2036; x_wconf 89' lang='lat' dir='ltr'>civibus</span> <span class='ocrx_word' id='word_1_228' title='bbox 561 1994 789 2050; x_wconf 88' lang='lat' dir='ltr'>postulare</span> <span class='ocrx_word' id='word_1_229' title='bbox 821 1995 949 2045; x_wconf 84' lang='lat' dir='ltr'>dixit,</span> <span class='ocrx_word' id='word_1_230' title='bbox 983 2001 1036 2038; x_wconf 89' lang='lat' dir='ltr'>ut</span> <span class='ocrx_word' id='word_1_231' title='bbox 1069 1997 1356 2052; x_wconf 85' lang='lat' dir='ltr'>presbyteros</span> <span class='ocrx_word' id='word_1_232' title='bbox 1388 1996 1614 2052; x_wconf 88' lang='lat' dir='ltr'>religiosos</span> <span class='ocrx_word' id='word_1_233' title='bbox 1646 2011 1673 2039; x_wconf 91' lang='lat' dir='ltr'>a</span> <span class='ocrx_word' id='word_1_234' title='bbox 1704 2010 1750 2038; x_wconf 91' lang='lat' dir='ltr'>se</span> <span class='ocrx_word' id='word_1_235' title='bbox 1781 1996 1828 2038; x_wconf 92' lang='lat' dir='ltr'>in</span> <span class='ocrx_word' id='word_1_236' title='bbox 1859 2008 2094 2052; x_wconf 81' lang='lat' dir='ltr'>regnum25</span> 
     </span>
     <span class='ocr_line' id='line_1_27' title="bbox 355 2063 2048 2110; baseline 0.002 -5"><span class='ocrx_word' id='word_1_237' title='bbox 355 2063 637 2107; x_wconf 91' lang='lat' dir='ltr'>introductos</span> <span class='ocrx_word' id='word_1_238' title='bbox 675 2065 721 2107; x_wconf 94' lang='lat' dir='ltr'>in</span> <span class='ocrx_word' id='word_1_239' title='bbox 758 2066 926 2108; x_wconf 89' lang='lat' dir='ltr'>honore</span> <span class='ocrx_word' id='word_1_240' title='bbox 964 2067 1184 2109; x_wconf 90' lang='lat' dir='ltr'>haberent</span> <span class='ocrx_word' id='word_1_241' title='bbox 1223 2071 1268 2109; x_wconf 92' lang='lat' dir='ltr'>et</span> <span class='ocrx_word' id='word_1_242' title='bbox 1300 2067 1602 2110; x_wconf 85' lang='lat' dir='ltr'>veneratione.</span> <span class='ocrx_word' id='word_1_243' title='bbox 1643 2069 1713 2110; x_wconf 87' lang='lat' dir='ltr'>Ea</span> <span class='ocrx_word' id='word_1_244' title='bbox 1745 2067 1864 2110; x_wconf 90' lang='lat' dir='ltr'>enim</span> <span class='ocrx_word' id='word_1_245' title='bbox 1895 2067 2048 2110; x_wconf 89' lang='lat' dir='ltr'>omnia</span> 
     </span>
     <span class='ocr_line' id='line_1_28' title="bbox 355 2134 2046 2195; baseline 0.002 -19"><span class='ocrx_word' id='word_1_246' title='bbox 355 2134 503 2177; x_wconf 85' lang='lat' dir='ltr'>officia</span> <span class='ocrx_word' id='word_1_247' title='bbox 533 2136 781 2186; x_wconf 89' lang='lat' dir='ltr'>charitatis,</span> <span class='ocrx_word' id='word_1_248' title='bbox 814 2137 1115 2180; x_wconf 88' lang='lat' dir='ltr'>humanitatis</span> <span class='ocrx_word' id='word_1_249' title='bbox 1145 2143 1190 2180; x_wconf 92' lang='lat' dir='ltr'>et</span> <span class='ocrx_word' id='word_1_250' title='bbox 1221 2138 1575 2188; x_wconf 86' lang='lat' dir='ltr'>benevolentiae,</span> <span class='ocrx_word' id='word_1_251' title='bbox 1609 2153 1724 2195; x_wconf 90' lang='lat' dir='ltr'>quae</span> <span class='ocrx_word' id='word_1_252' title='bbox 1754 2138 1801 2180; x_wconf 89' lang='lat' dir='ltr'>in</span> <span class='ocrx_word' id='word_1_253' title='bbox 1831 2152 1913 2181; x_wconf 90' lang='lat' dir='ltr'>nos</span> <span class='ocrx_word' id='word_1_254' title='bbox 1943 2152 2046 2180; x_wconf 92' lang='lat' dir='ltr'>con-</span> 
     </span>
     <span class='ocr_line' id='line_1_29' title="bbox 356 2205 2047 2263; baseline 0.003 -17"><span class='ocrx_word' id='word_1_255' title='bbox 356 2205 535 2255; x_wconf 85' lang='lat' dir='ltr'>ferrent,</span> <span class='ocrx_word' id='word_1_256' title='bbox 568 2206 651 2248; x_wconf 87' lang='lat' dir='ltr'>sibi</span> <span class='ocrx_word' id='word_1_257' title='bbox 681 2208 739 2249; x_wconf 92' lang='lat' dir='ltr'>ab</span> <span class='ocrx_word' id='word_1_258' title='bbox 769 2207 876 2263; x_wconf 89' lang='lat' dir='ltr'>ipsis</span> <span class='ocrx_word' id='word_1_259' title='bbox 906 2209 1071 2251; x_wconf 91' lang='lat' dir='ltr'>collata</span> <span class='ocrx_word' id='word_1_260' title='bbox 1100 2223 1194 2251; x_wconf 90' lang='lat' dir='ltr'>esse</span> <span class='ocrx_word' id='word_1_261' title='bbox 1223 2209 1603 2252; x_wconf 86' lang='lat' dir='ltr'>existimaturum.</span> <span class='ocrx_word' id='word_1_262' title='bbox 1638 2211 1871 2252; x_wconf 88' lang='lat' dir='ltr'>Postremo</span> <span class='ocrx_word' id='word_1_263' title='bbox 1900 2209 2047 2252; x_wconf 89' lang='lat' dir='ltr'>minas</span> 
     </span>
     <span class='ocr_line' id='line_1_30' title="bbox 354 2278 2046 2336; baseline 0.002 -18"><span class='ocrx_word' id='word_1_264' title='bbox 354 2291 534 2332; x_wconf 88' lang='lat' dir='ltr'>quoque</span> <span class='ocrx_word' id='word_1_265' title='bbox 568 2278 758 2327; x_wconf 86' lang='lat' dir='ltr'>addidit,</span> <span class='ocrx_word' id='word_1_266' title='bbox 793 2279 928 2334; x_wconf 88' lang='lat' dir='ltr'>quod,</span> <span class='ocrx_word' id='word_1_267' title='bbox 964 2279 999 2322; x_wconf 88' lang='lat' dir='ltr'>si</span> <span class='ocrx_word' id='word_1_268' title='bbox 1038 2279 1209 2336; x_wconf 91' lang='lat' dir='ltr'>aliquid</span> <span class='ocrx_word' id='word_1_269' title='bbox 1246 2280 1376 2323; x_wconf 89' lang='lat' dir='ltr'>nobis</span> <span class='ocrx_word' id='word_1_270' title='bbox 1413 2295 1492 2336; x_wconf 92' lang='lat' dir='ltr'>per</span> <span class='ocrx_word' id='word_1_271' title='bbox 1528 2280 1776 2323; x_wconf 89' lang='lat' dir='ltr'>haereticos</span> <span class='ocrx_word' id='word_1_272' title='bbox 1812 2279 2046 2322; x_wconf 88' lang='lat' dir='ltr'>molestiae</span> 
     </span>
     <span class='ocr_line' id='line_1_31' title="bbox 352 2346 2094 2407; baseline 0.002 -19"><span class='ocrx_word' id='word_1_273' title='bbox 352 2346 529 2390; x_wconf 91' lang='lat' dir='ltr'>illatum</span> <span class='ocrx_word' id='word_1_274' title='bbox 557 2348 706 2399; x_wconf 79' lang='lat' dir='ltr'>fuerit,</span> <span class='ocrx_word' id='word_1_275' title='bbox 748 2349 795 2392; x_wconf 92' lang='lat' dir='ltr'>id</span> <span class='ocrx_word' id='word_1_276' title='bbox 834 2364 926 2392; x_wconf 90' lang='lat' dir='ltr'>non</span> <span class='ocrx_word' id='word_1_277' title='bbox 965 2355 1062 2393; x_wconf 92' lang='lat' dir='ltr'>tam</span> <span class='ocrx_word' id='word_1_278' title='bbox 1089 2351 1232 2401; x_wconf 89' lang='lat' dir='ltr'>nobis,</span> <span class='ocrx_word' id='word_1_279' title='bbox 1275 2366 1414 2407; x_wconf 92' lang='lat' dir='ltr'>quam</span> <span class='ocrx_word' id='word_1_280' title='bbox 1441 2351 1526 2394; x_wconf 91' lang='lat' dir='ltr'>sibi</span> <span class='ocrx_word' id='word_1_281' title='bbox 1552 2351 1727 2394; x_wconf 85' lang='lat' dir='ltr'>factum</span> <span class='ocrx_word' id='word_1_282' title='bbox 1754 2350 1889 2393; x_wconf 82' lang='lat' dir='ltr'>fuisse</span> <span class='ocrx_word' id='word_1_283' title='bbox 1916 2363 2094 2406; x_wconf 85' lang='lat' dir='ltr'>repu-30</span> 
     </span>
     <span class='ocr_line' id='line_1_32' title="bbox 353 2421 2046 2476; baseline 0.002 -17"><span class='ocrx_word' id='word_1_284' title='bbox 353 2422 611 2461; x_wconf 83' lang='lat' dir='ltr'>taturum13</span> <span class='ocrx_word' id='word_1_285' title='bbox 646 2425 691 2462; x_wconf 88' lang='lat' dir='ltr'>et</span> <span class='ocrx_word' id='word_1_286' title='bbox 727 2421 898 2476; x_wconf 87' lang='lat' dir='ltr'>egregie</span> <span class='ocrx_word' id='word_1_287' title='bbox 933 2421 1284 2464; x_wconf 71' lang='lat' dir='ltr'>vindicaturum.</span> <span class='ocrx_word' id='word_1_288' title='bbox 1324 2424 1449 2465; x_wconf 91' lang='lat' dir='ltr'>Haec</span> <span class='ocrx_word' id='word_1_289' title='bbox 1481 2423 1568 2464; x_wconf 90' lang='lat' dir='ltr'>tria</span> <span class='ocrx_word' id='word_1_290' title='bbox 1599 2422 1689 2465; x_wconf 81' lang='lat' dir='ltr'>fere</span> <span class='ocrx_word' id='word_1_291' title='bbox 1711 2422 1770 2464; x_wconf 93' lang='lat' dir='ltr'>ad</span> <span class='ocrx_word' id='word_1_292' title='bbox 1791 2422 1981 2464; x_wconf 89' lang='lat' dir='ltr'>verbum</span> <span class='ocrx_word' id='word_1_293' title='bbox 1999 2421 2046 2463; x_wconf 91' lang='lat' dir='ltr'>in</span> 
     </span>
     <span class='ocr_line' id='line_1_33' title="bbox 352 2489 2045 2549; baseline 0.003 -20"><span class='ocrx_word' id='word_1_294' title='bbox 352 2489 491 2531; x_wconf 84' lang='lat' dir='ltr'>literis</span> <span class='ocrx_word' id='word_1_295' title='bbox 519 2490 577 2532; x_wconf 90' lang='lat' dir='ltr'>ad</span> <span class='ocrx_word' id='word_1_296' title='bbox 604 2490 798 2534; x_wconf 90' lang='lat' dir='ltr'>iudicem</span> <span class='ocrx_word' id='word_1_297' title='bbox 826 2492 945 2534; x_wconf 90' lang='lat' dir='ltr'>datis</span> <span class='ocrx_word' id='word_1_298' title='bbox 973 2493 1335 2535; x_wconf 88' lang='lat' dir='ltr'>continebantur.</span> <span class='ocrx_word' id='word_1_299' title='bbox 1371 2494 1491 2536; x_wconf 90' lang='lat' dir='ltr'>Nam</span> <span class='ocrx_word' id='word_1_300' title='bbox 1518 2508 1593 2536; x_wconf 89' lang='lat' dir='ltr'>eas</span> <span class='ocrx_word' id='word_1_301' title='bbox 1620 2493 1883 2549; x_wconf 90' lang='lat' dir='ltr'>priusquam</span> <span class='ocrx_word' id='word_1_302' title='bbox 1909 2492 2045 2534; x_wconf 89' lang='lat' dir='ltr'>iudici</span> 
     </span>
     <span class='ocr_line' id='line_1_34' title="bbox 353 2560 2044 2620; baseline 0.003 -20"><span class='ocrx_word' id='word_1_303' title='bbox 353 2560 563 2610; x_wconf 80' lang='lat' dir='ltr'>traderet,</span> <span class='ocrx_word' id='word_1_304' title='bbox 595 2562 724 2604; x_wconf 91' lang='lat' dir='ltr'>nobis</span> <span class='ocrx_word' id='word_1_305' title='bbox 753 2563 939 2618; x_wconf 87' lang='lat' dir='ltr'>perlegit</span> <span class='ocrx_word' id='word_1_306' title='bbox 968 2564 1143 2619; x_wconf 89' lang='lat' dir='ltr'>legatus</span> <span class='ocrx_word' id='word_1_307' title='bbox 1172 2564 1372 2620; x_wconf 84' lang='lat' dir='ltr'>regius.14</span> <span class='ocrx_word' id='word_1_308' title='bbox 1401 2565 1482 2608; x_wconf 91' lang='lat' dir='ltr'>Usi</span> <span class='ocrx_word' id='word_1_309' title='bbox 1504 2579 1659 2607; x_wconf 87' lang='lat' dir='ltr'>sumus</span> <span class='ocrx_word' id='word_1_310' title='bbox 1680 2563 1828 2620; x_wconf 89' lang='lat' dir='ltr'>igitur,</span> <span class='ocrx_word' id='word_1_311' title='bbox 1860 2565 1956 2606; x_wconf 92' lang='lat' dir='ltr'>Deo</span> <span class='ocrx_word' id='word_1_312' title='bbox 1986 2563 2044 2605; x_wconf 87' lang='lat' dir='ltr'>sit</span> 
     </span>
     <span class='ocr_line' id='line_1_35' title="bbox 352 2629 2044 2691; baseline 0.003 -21"><span class='ocrx_word' id='word_1_313' title='bbox 352 2629 461 2679; x_wconf 87' lang='lat' dir='ltr'>laus,</span> <span class='ocrx_word' id='word_1_314' title='bbox 495 2646 658 2686; x_wconf 87' lang='lat' dir='ltr'>magna</span> <span class='ocrx_word' id='word_1_315' title='bbox 691 2633 842 2688; x_wconf 86' lang='lat' dir='ltr'>quiete</span> <span class='ocrx_word' id='word_1_316' title='bbox 874 2639 919 2676; x_wconf 88' lang='lat' dir='ltr'>et</span> <span class='ocrx_word' id='word_1_317' title='bbox 951 2640 1057 2676; x_wconf 91' lang='lat' dir='ltr'>ante</span> <span class='ocrx_word' id='word_1_318' title='bbox 1089 2640 1283 2677; x_wconf 90' lang='lat' dir='ltr'>mortem</span> <span class='ocrx_word' id='word_1_319' title='bbox 1314 2635 1540 2691; x_wconf 87' lang='lat' dir='ltr'>principis,</span> <span class='ocrx_word' id='word_1_320' title='bbox 1574 2640 1619 2678; x_wconf 91' lang='lat' dir='ltr'>et</span> <span class='ocrx_word' id='word_1_321' title='bbox 1651 2640 1854 2690; x_wconf 89' lang='lat' dir='ltr'>tempore</span> <span class='ocrx_word' id='word_1_322' title='bbox 1885 2633 2044 2676; x_wconf 90' lang='lat' dir='ltr'>mortis</span> 
     </span>
     <span class='ocr_line' id='line_1_36' title="bbox 352 2699 2091 2761; baseline 0.003 -21"><span class='ocrx_word' id='word_1_323' title='bbox 352 2699 458 2749; x_wconf 87' lang='lat' dir='ltr'>eius,</span> <span class='ocrx_word' id='word_1_324' title='bbox 483 2706 527 2742; x_wconf 90' lang='lat' dir='ltr'>et</span> <span class='ocrx_word' id='word_1_325' title='bbox 550 2708 652 2757; x_wconf 90' lang='lat' dir='ltr'>post</span> <span class='ocrx_word' id='word_1_326' title='bbox 674 2704 878 2755; x_wconf 87' lang='lat' dir='ltr'>obitum;</span> <span class='ocrx_word' id='word_1_327' title='bbox 902 2719 984 2747; x_wconf 92' lang='lat' dir='ltr'>nec</span> <span class='ocrx_word' id='word_1_328' title='bbox 1002 2705 1243 2761; x_wconf 88' lang='lat' dir='ltr'>quisquam</span> <span class='ocrx_word' id='word_1_329' title='bbox 1266 2706 1595 2749; x_wconf 90' lang='lat' dir='ltr'>haereticorum</span> <span class='ocrx_word' id='word_1_330' title='bbox 1621 2719 1756 2748; x_wconf 90' lang='lat' dir='ltr'>ausus</span> <span class='ocrx_word' id='word_1_331' title='bbox 1780 2710 1848 2747; x_wconf 89' lang='lat' dir='ltr'>est</span> <span class='ocrx_word' id='word_1_332' title='bbox 1873 2704 2091 2761; x_wconf 84' lang='lat' dir='ltr'>aliquid35</span> 
     </span>
     <span class='ocr_line' id='line_1_37' title="bbox 353 2771 1316 2818; baseline 0.007 -7"><span class='ocrx_word' id='word_1_333' title='bbox 353 2771 481 2812; x_wconf 89' lang='lat' dir='ltr'>nobis</span> <span class='ocrx_word' id='word_1_334' title='bbox 507 2771 692 2816; x_wconf 89' lang='lat' dir='ltr'>iniuriae</span> <span class='ocrx_word' id='word_1_335' title='bbox 720 2776 857 2818; x_wconf 84' lang='lat' dir='ltr'>verbo</span> <span class='ocrx_word' id='word_1_336' title='bbox 886 2781 966 2818; x_wconf 88' lang='lat' dir='ltr'>aut</span> <span class='ocrx_word' id='word_1_337' title='bbox 994 2776 1116 2818; x_wconf 83' lang='lat' dir='ltr'>facto</span> <span class='ocrx_word' id='word_1_338' title='bbox 1143 2776 1316 2818; x_wconf 84' lang='lat' dir='ltr'>inferre.</span> 
     </span>
    </p>

    <p class='ocr_par' dir='ltr' id='par_1_4' title="bbox 352 2842 2091 3115">
     <span class='ocr_line' id='line_1_38' title="bbox 469 2842 2042 2902; baseline 0.003 -18"><span class='ocrx_word' id='word_1_339' title='bbox 469 2842 593 2884; x_wconf 88' lang='lat' dir='ltr'>Circa</span> <span class='ocrx_word' id='word_1_340' title='bbox 637 2851 829 2888; x_wconf 87' lang='lat' dir='ltr'>mortem</span> <span class='ocrx_word' id='word_1_341' title='bbox 872 2851 1056 2889; x_wconf 87' lang='lat' dir='ltr'>tantum</span> <span class='ocrx_word' id='word_1_342' title='bbox 1100 2847 1312 2902; x_wconf 90' lang='lat' dir='ltr'>principis</span> <span class='ocrx_word' id='word_1_343' title='bbox 1359 2847 1493 2890; x_wconf 90' lang='lat' dir='ltr'>audio</span> <span class='ocrx_word' id='word_1_344' title='bbox 1529 2847 1788 2890; x_wconf 85' lang='lat' dir='ltr'>mussitasse</span> <span class='ocrx_word' id='word_1_345' title='bbox 1820 2846 2042 2902; x_wconf 91' lang='lat' dir='ltr'>quosdam</span> 
     </span>
     <span class='ocr_line' id='line_1_39' title="bbox 352 2911 2043 2974; baseline 0.004 -22"><span class='ocrx_word' id='word_1_346' title='bbox 352 2911 472 2954; x_wconf 86' lang='lat' dir='ltr'>cives</span> <span class='ocrx_word' id='word_1_347' title='bbox 503 2917 548 2954; x_wconf 91' lang='lat' dir='ltr'>et</span> <span class='ocrx_word' id='word_1_348' title='bbox 581 2914 742 2958; x_wconf 82' lang='lat' dir='ltr'>dixisse</span> <span class='ocrx_word' id='word_1_349' title='bbox 774 2917 938 2959; x_wconf 90' lang='lat' dir='ltr'>iudici:</span> <span class='ocrx_word' id='word_1_350' title='bbox 975 2919 1046 2960; x_wconf 89' lang='lat' dir='ltr'>En</span> <span class='ocrx_word' id='word_1_351' title='bbox 1077 2917 1168 2960; x_wconf 89' lang='lat' dir='ltr'>iam</span> <span class='ocrx_word' id='word_1_352' title='bbox 1201 2922 1406 2960; x_wconf 89' lang='lat' dir='ltr'>mortuus</span> <span class='ocrx_word' id='word_1_353' title='bbox 1447 2923 1514 2960; x_wconf 92' lang='lat' dir='ltr'>est</span> <span class='ocrx_word' id='word_1_354' title='bbox 1547 2918 1778 2974; x_wconf 87' lang='lat' dir='ltr'>princeps:</span> <span class='ocrx_word' id='word_1_355' title='bbox 1814 2917 2043 2959; x_wconf 87' lang='lat' dir='ltr'>eiiciamus</span> 
     </span>
     <span class='ocr_line' id='line_1_40' title="bbox 352 2982 2043 3044; baseline 0.004 -21"><span class='ocrx_word' id='word_1_356' title='bbox 352 2982 554 3035; x_wconf 84' lang='lat' dir='ltr'>Jesuitas</span> <span class='ocrx_word' id='word_1_357' title='bbox 573 2998 582 3034; x_wconf 84' lang='lat'>;</span> <span class='ocrx_word' id='word_1_358' title='bbox 623 2986 700 3027; x_wconf 91' lang='lat' dir='ltr'>sed</span> <span class='ocrx_word' id='word_1_359' title='bbox 737 3001 811 3029; x_wconf 91' lang='lat' dir='ltr'>eos</span> <span class='ocrx_word' id='word_1_360' title='bbox 847 2988 917 3030; x_wconf 91' lang='lat' dir='ltr'>his</span> <span class='ocrx_word' id='word_1_361' title='bbox 953 2988 1102 3031; x_wconf 88' lang='lat' dir='ltr'>verbis</span> <span class='ocrx_word' id='word_1_362' title='bbox 1139 2988 1274 3030; x_wconf 80' lang='lat' dir='ltr'>iudex</span> <span class='ocrx_word' id='word_1_363' title='bbox 1311 2988 1616 3044; x_wconf 88' lang='lat' dir='ltr'>compescuit:</span> <span class='ocrx_word' id='word_1_364' title='bbox 1657 2988 1693 3030; x_wconf 90' lang='lat' dir='ltr'>si</span> <span class='ocrx_word' id='word_1_365' title='bbox 1730 2993 1937 3030; x_wconf 90' lang='lat' dir='ltr'>mortuus</span> <span class='ocrx_word' id='word_1_366' title='bbox 1974 2992 2043 3030; x_wconf 87' lang='lat' dir='ltr'>est</span> 
     </span>
     <span class='ocr_line' id='line_1_41' title="bbox 354 3053 2091 3115; baseline 0.004 -22"><span class='ocrx_word' id='word_1_367' title='bbox 354 3053 570 3109; x_wconf 87' lang='lat' dir='ltr'>princeps,</span> <span class='ocrx_word' id='word_1_368' title='bbox 615 3055 729 3098; x_wconf 82' lang='lat' dir='ltr'>vivit</span> <span class='ocrx_word' id='word_1_369' title='bbox 770 3058 916 3100; x_wconf 91' lang='lat' dir='ltr'>adhuc</span> <span class='ocrx_word' id='word_1_370' title='bbox 952 3073 1030 3101; x_wconf 85' lang='lat' dir='ltr'>rex</span> <span class='ocrx_word' id='word_1_371' title='bbox 1060 3059 1283 3102; x_wconf 87' lang='lat' dir='ltr'>Poloniae.</span> <span class='ocrx_word' id='word_1_372' title='bbox 1316 3060 1411 3114; x_wconf 88' lang='lat' dir='ltr'>Ego</span> <span class='ocrx_word' id='word_1_373' title='bbox 1440 3059 1588 3115; x_wconf 91' lang='lat' dir='ltr'>capite</span> <span class='ocrx_word' id='word_1_374' title='bbox 1616 3059 1769 3101; x_wconf 90' lang='lat' dir='ltr'>ludere</span> <span class='ocrx_word' id='word_1_375' title='bbox 1798 3059 1913 3101; x_wconf 87' lang='lat' dir='ltr'>nolo.</span> <span class='ocrx_word' id='word_1_376' title='bbox 1945 3060 2091 3101; x_wconf 86' lang='lat' dir='ltr'>Mos4o</span> 
     </span>
    </p>
   </div>
   <div class='ocr_carea' id='block_1_3' title="bbox 482 3152 1652 3206">
    <p class='ocr_par' dir='ltr' id='par_1_5' title="bbox 482 3152 1652 3206">
     <span class='ocr_line' id='line_1_42' title="bbox 482 3152 1652 3206; baseline 0.004 -17"><span class='ocrx_word' id='word_1_377' title='bbox 482 3155 512 3176; x_wconf 83' lang='lat'>¹³</span> <span class='ocrx_word' id='word_1_378' title='bbox 543 3152 753 3192; x_wconf 76' lang='lat' dir='ltr'>Athuzva:</span> <span class='ocrx_word' id='word_1_379' title='bbox 783 3160 1073 3195; x_wconf 81' lang='lat' dir='ltr'>existimarent.</span> <span class='ocrx_word' id='word_1_380' title='bbox 1157 3161 1188 3182; x_wconf 79' lang='lat'>¹⁴²</span> <span class='ocrx_word' id='word_1_381' title='bbox 1216 3161 1455 3206; x_wconf 89' lang='lat' dir='ltr'>Berzeviezy</span> <span class='ocrx_word' id='word_1_382' title='bbox 1479 3161 1652 3195; x_wconf 68' lang='lat' dir='ltr'>Mrirton.</span> 
     </span>
    </p>
   </div>
  </div>
 </body>
</html>
