2188 3535
149 202 239 245 1581
279 209 368 242 aug.
405 200 470 242 22]
919 199 992 234 No.
1031 202 1076 246 58
1771 198 1834 231 161

144 317 275 359 iuxta
295 316 531 372 templum,
549 317 861 372 spectantibus
881 318 1104 367 omnibus,
1123 317 1200 373 qui
1221 317 1280 359 ad
1301 316 1563 358 concionem
1580 314 1838 363 veniebant,

145 388 348 430 laborare
382 392 634 429 muratores
668 387 883 443 permisit.
923 388 1058 430 Ratio
1093 388 1187 430 eius
1220 389 1329 429 haec
1365 387 1478 428 fuit:
1517 386 1637 442 quia,
1673 385 1838 441 inquit,

145 458 335 501 conveni
367 472 471 500 cum
502 457 587 499 illis
620 458 679 500 ad
709 459 1044 501 hebdomadam
1076 464 1121 501 et
1154 473 1287 514 cogor
1318 458 1488 500 solvere
1520 457 1605 498 illis
1637 470 1718 512 pro
1751 456 1838 497 sin·

144 529 258 584 gulis
287 528 445 570 diebus
473 527 567 571 sive
595 529 814 578 laborent,
846 529 940 571 sive
968 543 1086 571 non:
1119 530 1277 571 melius
1305 543 1407 584 ergo
1436 533 1519 578 est,
1542 533 1594 570 ut
1615 527 1836 575 laborent,

95 616 114 643 5
146 613 285 655 quam
311 604 363 641 ut
389 599 523 641 otiosi
548 599 638 641 sint
659 613 668 649 ;
697 600 777 642 sed
801 600 837 641 si
863 600 974 656 quid
998 600 1298 649 concluderet,
1325 601 1436 641 haec
1461 599 1577 641 ratio
1604 602 1840 640 excusaret

146 670 285 712 etiam
318 670 581 720 haereticos,
619 671 696 726 qui
731 671 924 713 famulos
958 676 1125 726 cogunt
1160 670 1394 713 dominicis
1429 670 1587 711 diebus
1620 670 1838 712 laborare.

148 742 266 783 Item
301 740 347 782 in
382 741 497 783 festo
533 742 574 783 S.
613 741 842 783 Michaelis
877 742 1047 783 subditi
1081 742 1223 783 nostri
1258 745 1458 783 ararunt.
1485 740 1620 795 Quod
1649 739 1735 781 illis
1769 739 1840 781 die

148 811 371 854 dominica
404 812 578 854 nullum
599 813 937 868 promulgatum
958 818 1074 854 esset
1096 812 1277 862 festum,
1311 826 1362 853 eo
1392 811 1462 853 die
1484 825 1564 866 ego
1585 811 1632 852 in
1653 810 1840 852 civitate

148 882 441 924 concionatus
473 896 574 925 sum
605 887 650 925 et
683 883 777 938 ipse
810 883 932 925 domi
964 884 1010 925 in
1043 884 1275 926 Monostor
1305 882 1525 937 compulit
1572 881 1762 923 rusticos
1793 880 1840 921 in

99 969 134 996 ιο
148 958 304 995 nostra
323 953 457 995 domo
476 953 692 996 laborare.
712 954 840 996 Idem
859 954 1033 996 factum
1051 960 1118 996 est
1138 959 1183 995 et
1198 954 1245 995 in
1261 953 1330 995 die
1346 952 1563 995 Omnium
1579 956 1840 993 sanctorum

148 1024 194 1065 in
217 1023 379 1066 scholis
401 1024 542 1079 ipsius
564 1025 754 1080 operarii
775 1025 1052 1074 laborarunt,
1078 1039 1158 1080 ego
1181 1023 1474 1066 concionatus
1497 1037 1597 1064 sum
1618 1036 1626 1071 ;
1652 1027 1697 1063 et
1721 1027 1840 1063 certe

149 1095 249 1150 plus
264 1095 377 1137 solet
393 1109 573 1137 movere
590 1096 743 1138 concio
759 1096 917 1151 operis,
936 1110 1074 1151 quam
1089 1095 1277 1150 linguae.
1298 1095 1416 1135 Item
1432 1093 1477 1134 in
1494 1093 1608 1134 festo
1624 1094 1840 1147 Assump-

151 1165 288 1207 tionis
317 1180 396 1221 ego
427 1166 610 1222 quidem
638 1166 710 1208 hic
738 1166 784 1208 in
813 1166 999 1208 civitate
1028 1166 1320 1208 concionatus
1349 1178 1478 1213 sum;
1510 1163 1588 1205 sed
1617 1163 1676 1204 ad
1704 1176 1842 1217 pagos

150 1241 329 1279 nostros
355 1237 530 1279 nullum
557 1237 759 1292 permisit
787 1237 906 1279 exire
933 1252 988 1278 ex
1022 1236 1330 1278 sacerdotibus
1370 1234 1546 1276 nostris.
1591 1234 1755 1288 Itaque
1780 1233 1842 1274 illi

102 1322 136 1350 15
150 1321 306 1349 omnes
325 1321 376 1349 eo
398 1307 469 1349 dje
489 1307 583 1349 sine
603 1322 728 1349 sacro
749 1313 793 1349 et
814 1308 907 1349 sine
928 1307 1139 1349 concione
1160 1310 1436 1349 manserunt.
1461 1305 1559 1346 Imo
1580 1303 1720 1360 aliqui
1739 1304 1841 1359 pagi

151 1378 228 1420 vix
261 1377 330 1420 bis
361 1378 408 1419 in
440 1392 558 1420 anno
592 1378 865 1420 audiverunt
897 1392 1074 1420 sacrum
1106 1383 1151 1420 et
1184 1377 1472 1419 concionem:
1509 1375 1555 1416 in
1587 1374 1843 1417 Nativitate

150 1454 195 1490 et
227 1449 460 1497 Paschate,
494 1454 538 1490 et
569 1454 724 1491 tamen
753 1449 956 1491 redditus
985 1449 1189 1504 proprios
1218 1447 1517 1495 sacerdotum,
1555 1445 1633 1502 qui
1663 1450 1768 1487 sunt
1798 1445 1843 1486 in

150 1519 334 1574 singulis
362 1519 491 1568 villis,
523 1519 768 1574 accipimus
796 1534 904 1561 nos:
937 1520 1060 1562 nulla
1087 1520 1268 1561 interim
1295 1518 1456 1561 habita
1482 1516 1659 1560 ratione
1687 1516 1844 1558 salutis

149 1589 340 1639 illorum,
366 1589 460 1632 sive
483 1589 681 1632 infantes
705 1590 957 1632 moriantur
979 1590 1073 1632 sine
1096 1591 1324 1646 baptismo
1353 1595 1398 1632 et
1426 1593 1686 1645 peccatores
1705 1592 1844 1643 atque

100 1675 137 1703 20
149 1660 362 1702 haeretici
392 1660 558 1703 infirmi
589 1661 683 1703 sine
714 1661 1007 1717 poenitentia,
1041 1661 1135 1704 sive
1167 1666 1505 1710 convertantur,
1531 1659 1625 1702 sive
1648 1673 1751 1700 non.
1778 1660 1844 1701 De

150 1731 342 1774 istorum
363 1731 625 1774 colonorum
647 1732 870 1788 parochiis
892 1737 937 1774 et
961 1732 1016 1774 de
1039 1732 1258 1774 festorum
1273 1731 1601 1779 observatione,
1620 1744 1842 1785 cuperem,

150 1807 202 1844 ut
223 1801 395 1858 aliquid
414 1802 524 1845 certi
543 1803 772 1845 ordinaret
791 1805 890 1846 Tua
911 1805 964 1846 R.
988 1804 1257 1852 Paternitas,
1279 1808 1332 1845 ut
1347 1803 1574 1851 sciremus,
1592 1801 1703 1857 quid
1717 1800 1846 1842 nobis

152 1873 432 1929 sequendum
463 1879 593 1923 esset,
627 1889 682 1916 ne
714 1880 932 1930 perpetuo
964 1880 1141 1917 nosmet
1173 1875 1293 1930 ipsos
1325 1879 1370 1916 et
1401 1873 1537 1916 fidem
1576 1871 1846 1914 catholicam

152 1944 345 1986 ludibrio
389 1959 726 2000 exponeremus,
773 1946 831 1988 ob
874 1951 972 1989 tam
1015 1946 1218 1988 crebram
1262 1945 1480 1987 festorum
1527 1942 1842 1986 mutationem.

102 2028 140 2056 25
285 2016 403 2058 Item
436 2020 649 2058 tenentur
681 2016 851 2058 subditi
883 2021 1061 2072 praeter
1095 2016 1292 2059 decimas
1324 2016 1418 2059 vini
1450 2020 1494 2057 et
1528 2015 1708 2070 frugum
1740 2013 1846 2055 dare

154 2091 386 2142 praeterea
412 2087 707 2142 porcellorum
736 2087 932 2130 decimas
959 2092 1005 2129 et
1033 2088 1100 2130 bis
1128 2088 1273 2143 pullos
1300 2087 1591 2143 gallinaceos:
1622 2086 1704 2126 hos
1731 2083 1767 2125 si
1788 2083 1847 2125 ad

155 2161 383 2200 statutum
416 2163 597 2214 tempus
631 2173 721 2200 non
755 2158 951 2207 solvunt,
988 2158 1236 2201 mittuntur
1269 2158 1466 2200 libertini
1500 2162 1544 2199 et
1580 2155 1846 2198 auferuntur

154 2227 240 2270 illis
265 2228 452 2284 pignora
478 2229 685 2271 canthari
711 2229 782 2271 vel
808 2234 968 2278 vestes,
998 2234 1043 2271 et
1071 2230 1208 2285 aliqui
1235 2243 1313 2284 per
1338 2228 1464 2276 duos
1493 2240 1518 2280 3
1535 2231 1656 2279 aut4
1672 2239 1846 2267 menses

156 2299 234 2341 vix
256 2305 446 2355 possunt
469 2300 686 2342 redimere
707 2314 714 2341 2
741 2300 777 2342 si
800 2305 955 2342 autem
978 2300 1242 2342 macilentos
1265 2299 1409 2354 pullos
1433 2296 1670 2340 attulerint
1694 2295 1845 2337 remit-

105 2374 319 2414 30tuntur
343 2375 388 2412 et
414 2370 669 2426 pinguiores
694 2375 914 2426 petuntur
935 2385 941 2412 :
971 2371 1104 2412 multi
1129 2385 1185 2412 ex
1210 2369 1484 2425 pauperibus
1508 2368 1555 2409 in
1581 2367 1677 2409 foro
1703 2380 1848 2408 emere

158 2446 392 2497 coguntur,
411 2442 534 2498 quod
558 2441 680 2483 domi
704 2455 810 2483 suae
833 2456 925 2483 non
948 2442 1160 2483 habeant.
1180 2441 1309 2483 Tales
1333 2453 1487 2482 carnes
1511 2438 1589 2481 vix
1613 2451 1745 2493 saepe
1769 2451 1849 2492 ego

159 2512 252 2554 sine
270 2512 513 2569 lachrymis
532 2518 577 2554 et
597 2512 742 2554 cordis
762 2512 912 2554 dolore
933 2512 1155 2567 attingere
1174 2511 1317 2567 potui,
1338 2511 1480 2553 sciens
1499 2523 1574 2551 eas
1593 2523 1615 2550 e
1635 2508 1850 2563 sanguine

159 2597 410 2639 pauperum
429 2597 522 2626 esse
542 2588 789 2625 emunctas.
812 2583 1024 2638 Duplices
1042 2582 1114 2624 hic
1133 2582 1316 2637 singulis
1335 2582 1493 2624 diebus
1511 2594 1666 2622 carnes
1684 2579 1852 2621 dantur

160 2654 220 2695 ad
236 2654 491 2709 prandium,
513 2659 558 2696 et
577 2654 735 2696 diebus
753 2653 943 2710 piscium
962 2653 1161 2708 duplices
1180 2653 1322 2708 pisces
1339 2666 1346 2694 :
1381 2652 1525 2708 primo
1543 2651 1638 2693 offa
1655 2664 1663 2700 ;
1697 2652 1742 2692 2⁰
1759 2663 1852 2692 car-

110 2739 148 2767 35
161 2738 239 2766 nes
256 2725 451 2767 bovinae
471 2730 550 2767 aut
570 2725 732 2767 ovinae
753 2739 761 2775 ;
796 2727 840 2778 3⁰
859 2724 970 2780 pulli
989 2724 1105 2766 cocti
1123 2723 1169 2765 in
1188 2723 1340 2779 pipere
1359 2728 1403 2765 et
1423 2737 1551 2764 croco
1570 2736 1579 2772 ;
1613 2724 1658 2776 4⁰
1677 2721 1825 2777 pultes
1842 2734 1851 2770 ;

162 2798 206 2848 5⁰
231 2795 406 2838 fructus
431 2801 476 2838 et
502 2810 658 2839 caseus
679 2810 686 2838 1
728 2810 864 2852 quem
889 2795 1076 2837 modum
1102 2794 1285 2837 vivendi
1310 2808 1391 2850 ego
1416 2795 1636 2835 hactenus
1661 2792 1707 2833 in
1732 2791 1854 2833 nullo

163 2865 344 2922 collegio
367 2867 605 2909 Societatis
632 2867 725 2909 vidi
743 2881 752 2917 ;
789 2866 867 2908 sed
888 2865 1004 2908 forte
1026 2871 1093 2907 est
1116 2865 1278 2907 modus
1300 2865 1549 2907 Polonicus.
1574 2865 1692 2906 Loco
1715 2862 1856 2918 pullo-

164 2949 264 2978 rum
294 2939 338 2990 30
368 2937 465 2980 loco
496 2943 576 2980 aut
608 2940 653 2980 2⁰
683 2952 815 2993 saepe
846 2942 952 2979 sunt
985 2950 1174 2985 anseres,
1222 2936 1392 2992 lepores
1435 2944 1515 2977 aut
1546 2934 1659 2976 aliae
1690 2933 1857 2975 ferinae

166 3019 320 3049 carnes
335 3013 380 3050 et
392 3008 482 3050 fere
498 3023 675 3064 semper
689 3008 828 3050 etiam
843 3008 890 3049 in
906 3021 1045 3050 coena
1060 3020 1215 3049 carnes
1230 3007 1531 3062 duplicantur.
1552 3005 1671 3047 Item
1687 3003 1858 3045 subditi

116 3090 154 3117 40
168 3081 388 3119 vocantur
424 3093 503 3134 per
538 3079 771 3122 libertinos
808 3079 867 3121 ad
903 3078 1106 3128 labores;
1147 3077 1224 3133 qui
1246 3077 1282 3120 si
1313 3077 1472 3119 statim
1508 3090 1600 3118 non
1637 3074 1856 3123 venerint,

168 3145 378 3189 auferunt
394 3162 462 3190 res
477 3149 668 3198 illorum,
681 3151 923 3192 cantharos
939 3154 1018 3191 aut
1031 3153 1178 3191 vestes
1191 3148 1387 3191 libertini
1398 3153 1443 3190 et
1455 3151 1562 3189 eunt
1577 3146 1637 3188 ad
1648 3146 1860 3187 tabernas

240 3245 344 3272 Fontes
361 3247 467 3273 Rerum
485 3248 773 3281 Transylvaniearum
792 3250 816 3276 1.
1678 3244 1715 3270 11
