2188 3535
373 219 393 253 8
1154 215 1228 250 No.
1261 227 1285 260 4
1759 216 1876 262 [1574
1905 215 1978 261 jul.
2016 226 2057 263 15

371 350 449 380 nec
481 336 600 386 mali,
634 335 681 377 in
711 334 837 390 pagis
870 332 954 375 illis
987 338 1032 374 et
1067 332 1257 388 oppidis,
1293 347 1408 389 quae
1441 338 1487 375 et
1505 333 1675 384 Turcis,
1709 337 1754 376 et
1789 332 2057 382 christianis,

370 413 421 449 ut
447 409 506 450 ab
531 407 733 461 utrisque
759 406 805 446 in
831 417 940 459 pace
966 403 1280 459 relinquantur
1304 402 1469 454 vivere,
1498 404 1672 447 tributa
1698 403 1904 460 pendunt
1930 405 2057 454 adeo,

371 483 421 520 ut
458 477 638 534 plurimi
676 477 871 523 iuvenes,
911 473 1218 516 adolescentes
1254 479 1299 516 et
1337 474 1421 516 vin‘
1458 475 1760 525 inveniantur,
1801 475 1879 531 qui
1915 489 2060 517 sacra-

371 553 524 591 mento
540 545 753 601 baptismi
769 558 859 585 non
875 548 981 586 sunt
999 543 1203 587 initiati.⁶
1218 546 1331 588 Cum
1346 545 1482 601 igitur
1496 545 1620 601 prius
1635 546 1841 601 princeps
1858 545 2061 588 animad-

371 622 564 661 verteret
596 630 641 658 se
671 616 730 658 ab
760 615 826 664 iis,
859 628 886 656 a
916 614 1082 670 quibus
1112 615 1309 658 maxime
1339 617 1551 671 sperabat
1582 630 1661 672 per
1690 617 1903 672 exiguum
1932 629 2062 672 posse
2094 629 2112 657 5

371 688 571 731 obtinere
611 685 830 728 auxilium
870 689 1035 735 totum,
1078 700 1123 728 se
1162 686 1221 728 ad
1261 686 1534 729 Societatem
1573 687 1682 742 Jesu
1722 687 1961 737 convertit,
2003 686 2062 729 ab

370 771 510 815 eaque
551 770 684 813 opem
723 760 874 812 petere
914 756 1101 799 censuit.
1151 757 1457 812 Quamobrem
1497 757 1672 812 scripsit
1713 759 1800 800 huc
1839 758 2063 800 Viennam

372 830 498 871 binas
536 828 690 870 literas
729 827 1045 869 benevolentia
1085 827 1253 883 plenas,
1296 827 1461 884 quibus
1500 828 1807 871 liberalissime
1847 834 1892 871 et
1933 828 2063 871 fami-

370 898 601 942 liarissime
632 912 714 941 nos
743 897 803 940 ad
833 911 878 940 se
909 897 1090 940 invitat.
1125 898 1370 954 Exemplar
1400 912 1569 949 earum,
1602 913 1716 956 quas
1746 899 1806 942 ad
1835 913 1908 942 me
1938 899 2064 942 dedit

370 975 436 1013 est
467 969 762 1013 huiusmodi.⁷
2080 983 2116 1011 10

499 1041 571 1084 Ad
594 1041 676 1083 has
701 1054 833 1097 porro
856 1039 1009 1082 literas
1032 1054 1114 1095 ego
1137 1044 1182 1082 et
1207 1041 1256 1083 P.
1283 1039 1577 1083 Provincialis
1600 1040 1660 1083 ad
1682 1054 1770 1090 eaS‚
1797 1055 1914 1097 quae
1937 1041 1998 1084 ad
2019 1054 2066 1082 se

371 1112 531 1155 missae
552 1117 695 1162 erant,
719 1111 878 1154 eodem
899 1125 1019 1153 anno
1040 1116 1085 1153 et
1108 1125 1273 1161 mense,
1297 1125 1388 1167 quo
1408 1124 1732 1166 receperamus,
1756 1111 1822 1154 ita
1842 1111 2065 1167 rescripsi-

371 1197 484 1233 mus,
522 1187 575 1225 ut
613 1182 876 1231 diceremus,
916 1182 1046 1224 nobis
1082 1196 1173 1224 non
1211 1195 1305 1224 esse
1342 1181 1569 1237 integrum
1607 1182 1945 1238 profectionem,
1985 1186 2066 1225 aut

370 1254 629 1297 missionem
654 1254 855 1310 aliquam
881 1253 1117 1295 instituere
1142 1252 1236 1295 sine
1262 1253 1507 1308 praepositi
1537 1253 1755 1309 generalis
1774 1255 1791 1280 8
1816 1267 2035 1296 consensu
2056 1266 2065 1302 ;

370 1339 452 1368 nos
475 1339 570 1367 rem
596 1339 700 1367 cum
725 1325 800 1366 illo
825 1324 1240 1367 communicaturos
1264 1328 1310 1366 et
1335 1324 1459 1380 quod
1483 1324 1555 1366 ille
1580 1326 1664 1367 hac
1690 1325 1736 1366 in
1761 1338 1807 1366 re
1833 1324 2067 1368 decernere
2083 1335 2118 1363 15

372 1395 641 1445 faciendum,
659 1395 707 1438 id
720 1409 802 1438 nos
824 1395 970 1437 obviis
992 1395 1094 1437 ullis
1116 1395 1404 1451 amplexuros
1426 1399 1472 1437 et
1495 1395 1722 1438 celerrime
1746 1400 2065 1452 exequuturos.

507 1467 562 1508 In
596 1468 680 1508 hac
716 1466 1003 1521 responsione
1052 1466 1152 1522 pius
1189 1466 1397 1522 princeps
1431 1466 1624 1509 libenter
1658 1467 1950 1522 conquiescit,
1987 1480 2068 1508 nec

370 1537 483 1579 ursit
519 1536 752 1592 negotium
790 1538 875 1579 hoc
909 1550 1053 1592 usque
1074 1537 1134 1578 ad
1154 1542 1438 1592 praesentem
1473 1551 1645 1580 annum
1665 1537 2068 1593 septuagesimum-

370 1612 600 1664 quartum.
627 1607 843 1657 Primum,
869 1607 992 1663 quod
1007 1621 1034 1649 a
1048 1607 1178 1649 nobis
1193 1621 1458 1663 responsum
1481 1613 1655 1650 certum
1678 1609 1843 1651 habere
1865 1608 2070 1650 nondum

370 1679 609 1734 potuisset,
654 1692 764 1721 num
816 1678 875 1720 ad
925 1692 970 1720 se
1020 1678 1225 1720 animum
1262 1678 1571 1733 proficiscendi
1607 1680 1877 1722 haberemus
1913 1692 2119 1728 necne,2o

371 1754 555 1806 propter
604 1763 763 1805 graves
818 1754 863 1791 et
920 1749 1159 1791 diuturnas
1201 1749 1501 1799 infirmitates,
1548 1764 1600 1792 ac
1644 1750 1831 1793 tandem
1874 1754 2068 1792 mortem

371 1822 699 1877 subsequutam
737 1822 790 1863 R.
830 1821 878 1863 P.
917 1820 1143 1862 Francisci
1179 1820 1331 1876 Borgii
1366 1820 1612 1876 praepositi
1641 1821 1893 1876 generalis,⁹
1922 1834 1949 1863 a
1978 1834 2069 1877 quo

371 1891 692 1934 resolutionem
743 1891 805 1933 rei
856 1891 990 1933 huius
1040 1892 1408 1947 expectabamus.
1463 1891 1637 1934 Deinde
1689 1892 1812 1948 quod
1863 1891 2069 1934 dedecori

371 1962 456 2005 sibi
491 1962 584 2004 fore
619 1962 900 2005 existimaret
935 1962 1055 2004 idern
1091 1962 1269 2018 saepius
1303 1962 1561 2018 importune
1592 1977 1761 2018 urgere,
1796 1968 1878 2006 aut
1902 1967 2069 2018 petere,

372 2047 469 2077 mos
506 2033 625 2076 enim
663 2038 730 2075 est
768 2032 1046 2089 principibus
1083 2033 1321 2089 Ungariae,
1361 2038 1413 2076 ut
1451 2033 1575 2090 quod
1611 2034 1767 2090 primis
1803 2033 1943 2077 literis
1980 2047 2119 2078 non25

371 2104 594 2154 obtinent,
627 2104 835 2146 secundis
864 2104 911 2146 id
940 2104 1184 2159 impetrare
1214 2106 1481 2147 erubescant
1503 2118 1512 2154 ;
1544 2105 1731 2147 tandem
1753 2106 1838 2148 hoc
1859 2109 2070 2160 suscepto

371 2175 556 2231 pietatis
594 2179 639 2217 et
678 2175 901 2230 religionis
939 2189 1071 2230 opere
1110 2175 1239 2217 annis
1278 2176 1652 2231 praecedentibus
1690 2190 1780 2218 non
1818 2176 1928 2218 nihil
1966 2189 2070 2217 eum

372 2246 681 2288 distraxerunt
719 2251 764 2288 et
803 2250 1055 2288 remoratae
1093 2252 1198 2288 sunt
1238 2246 1470 2296 factiones,
1511 2261 1627 2302 quae
1665 2252 1767 2302 post
1805 2247 2071 2289 electionem

371 2317 465 2360 eius
509 2317 555 2359 in
599 2317 849 2373 principem
893 2316 1012 2358 inter
1055 2317 1279 2372 principes
1322 2317 1677 2372 Transylvaniae
1735 2323 1862 2360 ortae
1918 2317 2067 2359 fuere:

374 2403 482 2430 nam
511 2389 741 2444 Gasparus
770 2389 929 2438 Bekes,
961 2388 1139 2444 asylum
1169 2393 1213 2430 et
1244 2393 1474 2443 protector
1501 2388 1847 2431 Trinitariorum
1876 2393 1921 2430 et
1952 2390 2071 2430 Ana·
2085 2404 2121 2431 30

374 2459 694 2514 baptistarum,
745 2472 930 2515 sperans
977 2472 1023 2501 se
1070 2463 1173 2514 post
1222 2464 1415 2501 mortem
1463 2459 1654 2513 Joannis
1701 2459 1841 2515 reguli
1888 2459 2072 2501 omnino

375 2544 511 2585 regno
532 2530 801 2585 potiturum,
833 2530 1045 2586 primum,
1070 2530 1193 2585 quod
1214 2529 1482 2585 praecipuus
1503 2531 1561 2572 ab
1584 2531 1793 2573 omnibus
1814 2531 2069 2579 haberetur,

374 2600 548 2650 deinde,
593 2601 716 2656 quod
742 2601 966 2656 legatione
994 2601 1178 2643 functus
1205 2615 1232 2643 a
1258 2602 1411 2656 regulo
1438 2601 1497 2643 ad
1526 2601 1886 2657 Maximilianum
1914 2615 2072 2656 pacem

514 2770 528 2791 ⁶
555 2771 612 2804 Az
631 2772 780 2817 erdelyi
800 2772 987 2816 ujhitiiek
1008 2783 1052 2806 ez
1070 2772 1246 2806 erkolcse
1265 2772 1378 2812 ellen,
1392 2772 1498 2816 hogy
1515 2782 1578 2805 »az
1597 2771 1880 2816 gyermekeket
1899 2771 2072 2805 kereszt-

382 2830 449 2874 seg
475 2830 611 2863 nelkul
636 2831 668 2864 is
695 2831 904 2865 iidvozitik
930 2831 971 2865 es
997 2842 1043 2865 az
1068 2831 1224 2865 embert
1253 2831 1415 2864 minden
1433 2830 1577 2864 bl'intol
1596 2830 1965 2875 megszabadetjak,
1992 2831 2072 2875 ugy
2085 2845 2122 2873 35

382 2889 489 2934 hogy
515 2888 626 2923 Isten
652 2900 698 2923 az
723 2890 785 2923 kit
810 2889 1102 2934 praedestinalt
1127 2890 1315 2930 iidvoziil,
1342 2900 1388 2923 az
1414 2889 1476 2922 kit
1501 2899 1614 2923 nem:
1643 2888 1869 2929 karhozik«,
1889 2888 2073 2934 Bathory

380 2947 524 2982 Istvan
546 2947 753 2983 kitartoan
776 2949 964 2990 kiizdott‚
986 2949 1141 2990 kitvizn,
1166 2950 1272 2994 hogy
1294 2948 1395 2983 azok
1419 2959 1483 2982 »az
1506 2948 1687 2982 Christus
1706 2948 1843 2992 Jesust
1859 2948 2072 2993 istensege-

383 3008 455 3045 tol,
481 3019 527 3042 az
552 3011 665 3042 szent
688 3009 809 3042 lelket
834 3009 1116 3054 essentiajatul
1140 3008 1364 3043 fosztottak
1389 3019 1498 3053 meg«
1515 3008 1556 3042 es
1579 3017 1672 3052 1572
1699 3007 1923 3042 februarius
1954 3009 2073 3043 18·iki

381 3068 586 3102 leveleben
612 3067 644 3101 is
670 3068 853 3102 eliteloen
883 3069 915 3101 ir
940 3068 1050 3109 rola3
1076 3069 1238 3113 Erdelyi
1263 3067 1556 3113 orszziggyi'ilesi
1581 3068 1762 3102 emlekek
1789 3068 1842 3102 II.
1863 3068 1901 3102 k.
1932 3069 2016 3112 526.
2044 3069 2069 3103 l.

507 3125 520 3146 ⁷
551 3124 756 3159 Kozoltiik
783 3125 914 3166 elobb‚
950 3136 979 3160 1.
1010 3136 1062 3159 sz.
1094 3136 1128 3160 a.
1210 3125 1224 3146 ⁸
1252 3125 1294 3159 P.
1326 3125 1472 3171 Borgia
1500 3125 1682 3160 Ferencz.
2087 3138 2124 3166 40

508 3184 522 3204 ⁹
550 3185 727 3229 Meghalt
758 3194 852 3228 1572
880 3185 1050 3219 oktober
1081 3185 1179 3219 1—en.
