2188 3535
155 161 249 206 1583
274 159 416 193 marcz.
441 162 481 204 6]
921 161 996 195 No.
1027 160 1075 196 86
1774 173 1846 208 257

150 281 263 326 tum,
297 291 387 333 quo
417 277 630 320 Maiestas
660 279 732 320 Vra
761 278 884 321 edita
914 284 982 321 est
1012 277 1057 320 in
1088 278 1268 326 lucem,5
1302 282 1355 320 ut
1385 282 1431 320 et
1460 278 1756 335 intelligerem
1785 281 1845 323 ad

150 347 383 390 ecclesiam
426 348 592 391 Christi
633 349 976 404 propagandam
1019 353 1064 390 et
1108 349 1279 404 templa
1321 348 1409 392 alia
1451 349 1606 392 multis
1648 350 1694 393 in
1735 351 1843 393 locis

148 419 366 461 struenda
403 420 508 461 Vram
533 417 641 461 Mtem
668 419 857 474 Regiam
896 421 992 462 Deo
1032 419 1273 461 miserante
1311 424 1469 462 natam
1508 420 1657 464 fuisse.
1701 422 1771 464 Ibi
1798 427 1842 464 et

149 489 320 531 bonum
349 489 631 532 sacerdotem
659 489 798 539 illum,
832 490 909 546 qui
938 490 984 532 in
1012 490 1258 546 paralysim
1288 489 1459 540 incidit,
1495 491 1662 549 quique
1685 493 1843 535 Craco-

98 570 116 597 5
149 559 271 602 viam
288 559 453 602 advehi
469 560 608 616 cupit,
628 564 681 602 ut
698 561 984 603 convalescat
1007 565 1051 602 et
1069 575 1159 602 non
1176 560 1321 603 solum
1339 561 1512 616 dignus,
1548 562 1627 604 sed
1643 577 1843 606 necessa-

147 629 239 672 rius
273 634 354 679 est,
392 630 440 672 in
474 645 611 686 quem
647 631 788 686 Regia
822 631 1019 673 charitas
1054 645 1099 673 se
1134 635 1301 680 exerat,
1338 631 1507 674 invisi.⁶
1547 634 1700 675 Habet
1735 648 1842 677 vero

149 701 371 745 Polonum
393 701 677 744 sacerdotem
704 702 965 758 Hungarica
990 702 1083 744 iam
1108 701 1311 744 nonnihil
1337 708 1610 753 noscentem,
1640 704 1718 760 qui
1743 719 1838 761 gre-

147 786 249 827 gem
272 771 401 814 illum
425 787 517 814 non
542 772 721 815 deserit.
750 773 812 814 Et
836 772 1125 815 Keresturius
1149 772 1260 814 mihi
1285 787 1521 816 cervorum
1546 779 1676 830 septa
1700 779 1746 817 et
1775 776 1842 831 (ut

147 842 213 885 ita
228 842 391 897 dicam)
413 842 654 885 seminaria
670 843 781 885 satis
796 843 974 892 referta,
993 857 1110 899 quae
1125 843 1357 899 quondam
1372 843 1471 899 ipsa
1486 845 1634 900 parari
1650 845 1841 889 iusserat

98 924 132 951 10
145 917 191 955 et
208 914 395 955 hortum
426 913 638 966 ostendit,
659 914 707 956 in
737 928 827 970 quo
845 915 1026 956 arbores
1044 928 1070 956 a
1089 913 1231 969 Regia
1247 912 1324 956 Mte
1340 915 1414 956 Vra
1430 914 1666 970 plantatae
1682 917 1842 959 uberes

146 984 321 1026 fructus
348 984 514 1033 ferunt,
545 999 601 1026 ex
628 985 794 1041 quibus
821 985 965 1027 multo
994 984 1223 1033 maiorem,
1254 999 1393 1040 quam
1421 989 1556 1027 antea
1583 1000 1710 1041 spem
1737 1001 1840 1029 con-

145 1054 255 1111 cepi,
270 1054 364 1098 fore
376 1060 441 1106 ut,
459 1055 538 1111 qui
550 1070 751 1098 serarum
766 1060 811 1097 et
827 1056 1040 1098 arborum
1056 1055 1304 1097 seminariis
1319 1069 1410 1097 non
1426 1055 1570 1097 defuit
1586 1056 1839 1099 adolescen-

144 1125 274 1175 tium,
302 1140 416 1182 quos
439 1126 531 1168 iam
555 1126 804 1182 colligimus
835 1126 1038 1168 novellae
1062 1126 1166 1168 huic
1191 1125 1448 1182 pontificiae
1470 1139 1522 1168 ac
1545 1126 1689 1181 regiae
1714 1128 1838 1182 plan-

146 1196 311 1239 tationi
330 1212 339 1248 ;
366 1197 698 1239 incrementum
724 1197 914 1239 daturus
940 1197 1011 1239 sit.

96 1277 131 1305 15
278 1268 333 1310 In
357 1267 582 1310 comitatu
606 1272 762 1310 autem
785 1267 1024 1310 Craznensi
1046 1272 1137 1309 tres
1160 1267 1307 1309 adhuc
1337 1271 1443 1308 sunt
1467 1267 1676 1309 catholici
1699 1282 1841 1310 sacer-

145 1338 287 1380 dotes.
308 1339 363 1381 In
386 1338 551 1382 Siculia
570 1339 672 1394 plus
692 1338 944 1387 duodecim,
961 1337 1066 1380 licet
1086 1352 1177 1380 non
1196 1351 1364 1387 omnes,
1384 1337 1539 1393 quales
1561 1352 1837 1393 cuperemus.

145 1409 407 1464 Magochius
430 1409 525 1465 ipse
550 1409 888 1457 Franciscanus,
916 1409 976 1451 ad
999 1423 1134 1465 quem
1158 1422 1185 1450 a
1199 1409 1272 1450 Vra
1295 1406 1372 1450 Mte
1394 1407 1547 1450 literas
1571 1408 1837 1458 adtuleram,

144 1480 302 1522 aberat
338 1480 396 1522 ab
427 1480 531 1521 Illmo
560 1481 614 1522 D.
645 1479 830 1523 Nicolao
858 1480 1086 1522 Bathoreo
1119 1478 1447 1534 Claudiopolim
1494 1479 1554 1521 ad
1600 1479 1842 1534 provisoris

144 1550 380 1593 cuiusdam
420 1550 565 1592 filium
607 1550 667 1592 ad
707 1550 944 1606 collegium
985 1554 1194 1592 nostrum
1236 1549 1555 1592 adducendum
1597 1549 1837 1605 profectus.

94 1631 131 1659 20
145 1621 308 1677 Itaque
360 1621 407 1663 in
460 1621 623 1670 reditu,
679 1635 783 1663 eum
842 1622 909 1675 (ut
964 1621 1106 1676 spero)
1152 1621 1357 1677 alloquar
1396 1620 1649 1676 Regiasque
1688 1620 1840 1663 literas

143 1692 344 1741 reddam,
378 1692 503 1748 quod
543 1692 721 1748 assequi
762 1696 933 1748 potero,
979 1696 1031 1733 ut
1076 1691 1135 1733 ad
1165 1706 1240 1734 cor
1269 1691 1424 1733 redeat
1454 1692 1542 1734 Vrae
1575 1691 1739 1747 Regiae
1771 1688 1841 1734 Mti

143 1762 405 1819 scripturus.

275 1833 606 1890 Claudiopolim
618 1833 742 1889 quod
754 1833 920 1876 attinet
933 1833 1162 1884 maiorem,
1182 1847 1321 1889 quam
1337 1837 1456 1875 certe
1475 1833 1599 1875 haud
1613 1837 1837 1888 putaram,

143 1904 380 1947 civitatem
419 1904 586 1947 inveni.
630 1904 704 1946 Ad
743 1904 979 1959 collegium
1020 1908 1205 1946 centum
1245 1903 1482 1959 sexaginta
1521 1903 1711 1946 studiosi
1751 1904 1841 1946 iam

91 1985 128 2013 25
145 1975 380 2017 accedunt.
411 1975 521 2030 Pagi
548 1989 667 2024 vero,
699 1989 812 2030 quos
833 1976 906 2017 Vra
937 1974 1150 2017 Maiestas
1172 1975 1355 2030 collegio
1378 1974 1555 2016 addixit
1577 1974 1668 2016 iam
1690 1979 1734 2016 et
1757 1974 1840 2029 ipsi

143 2046 202 2088 ab
228 2045 442 2088 uberibus
469 2045 680 2088 ecclesiae
708 2045 957 2088 catholicae
984 2046 1197 2101 pendent,
1228 2050 1280 2086 ut
1303 2050 1512 2087 aeternae
1535 2045 1597 2086 illi
1620 2044 1836 2094 felicitati,

147 2131 286 2173 quam
308 2117 414 2158 hinc
444 2116 588 2171 Regia
624 2116 838 2158 Maiestas
861 2117 935 2158 Vra
958 2120 1255 2158 consecutura
1278 2120 1346 2158 est
1370 2130 1425 2157 ex
1449 2115 1599 2157 animo
1623 2115 1836 2170 gratulor.

144 2186 538 2243 Claudiopolitani,
592 2201 709 2242 quae
752 2186 994 2229 novissime
1044 2191 1199 2229 nostro
1235 2190 1396 2241 rogatu
1441 2199 1468 2227 a
1515 2184 1591 2226 Mte
1618 2186 1693 2226 Vra
1736 2198 1838 2226 con-

142 2272 265 2300 cessa
281 2262 401 2307 sunt,
420 2258 547 2300 haud
562 2257 790 2313 gravatim
807 2256 1061 2299 executioni
1077 2256 1363 2299 mandarant.
1383 2255 1520 2311 Apud
1537 2269 1611 2297 eos
1628 2255 1834 2297 triduum

91 2340 128 2368 30
143 2333 463 2378 commoratus,
485 2333 538 2370 ut
560 2328 633 2370 vel
654 2342 806 2370 aream
826 2328 898 2370 vel
919 2327 1077 2369 domos
1098 2327 1158 2369 ad
1177 2325 1467 2368 seminarium
1505 2325 1837 2367 instituendum

141 2399 421 2456 inspicerem,
461 2399 608 2455 deque
646 2398 743 2440 aliis
780 2399 913 2440 rebus
950 2397 1268 2453 perquirerem,
1307 2395 1637 2437 nudiustertius
1673 2396 1837 2438 Albam

141 2470 313 2525 Juliam
357 2470 474 2513 veni.
522 2469 595 2512 Ibi
627 2470 685 2511 ab
718 2469 822 2510 Illmo
852 2468 1066 2524 principe,
1100 2467 1178 2523 qui
1209 2466 1511 2509 consiliarium
1543 2480 1646 2509 cum
1678 2466 1833 2508 multis

141 2540 367 2583 nobilibus
390 2540 634 2597 Enyedum
657 2539 842 2582 obviam
864 2538 993 2581 nobis
1015 2537 1308 2594 praemiserat
1331 2536 1652 2592 perhonorifice
1676 2551 1834 2592 excep-

140 2615 228 2660 tus,
271 2611 470 2654 indolem
504 2610 633 2667 pueri
661 2610 778 2652 senis
806 2609 962 2665 aspexi
990 2613 1035 2651 et
1064 2608 1247 2651 auditae
1275 2612 1410 2650 antea
1438 2622 1494 2649 ex
1521 2607 1678 2650 multis
1706 2621 1733 2650 a
1761 2622 1832 2649 me

79 2693 126 2724 ,35
139 2682 389 2725 narrationi
423 2682 478 2725 de
512 2682 589 2724 illo
623 2681 973 2737 respondentem
1007 2679 1184 2735 agnovi.
1229 2679 1353 2734 Quae
1387 2678 1479 2720 iam
1500 2692 1645 2734 ‚saepe
1680 2677 1834 2720 Ponti-

139 2753 233 2795 ficis
265 2753 454 2796 Maximi
486 2769 540 2796 ac
570 2753 658 2795 Vrae
676 2747 748 2795 Mti
764 2752 930 2807 Regiae
952 2751 1150 2800 nomine,
1172 2764 1277 2792 cum
1301 2763 1352 2791 eo
1373 2764 1474 2792 sum
1497 2750 1760 2798 collocutus,
1785 2762 1837 2791 ea

140 2822 335 2880 denique
357 2825 584 2867 eiusmodi
607 2825 745 2874 fuere,
780 2828 831 2866 ut
866 2836 910 2865 se
943 2822 1077 2864 unius
1109 2819 1337 2863 demortui
1358 2819 1455 2862 loco
1490 2821 1604 2863 duos
1625 2824 1837 2875 parentes

141 2898 399 2937 assecutum
436 2908 531 2937 esse
565 2894 848 2949 intelligeret,
889 2892 925 2934 si
949 2892 1182 2941 donorum,
1209 2905 1324 2946 quae
1338 2891 1427 2932 Vrae
1444 2885 1513 2932 Mti
1536 2891 1658 2932 Deus
1681 2888 1836 2944 elargi-

141 2968 216 3006 tus
231 2969 313 3016 est,
331 2964 538 3008 imitator
554 2965 703 3014 fuerit,
723 2963 911 3020 praemii
926 2976 1107 3019 quoque
1122 2966 1167 3004 et
1187 2975 1454 3016 magnarum
1472 2961 1651 3003 illarum
1670 2973 1832 3007 rerum,

90 3069 127 3097 40
269 3068 282 3086 ⁶
311 3065 345 3098 E
371 3066 519 3099 szerint
544 3076 568 3099 a
593 3066 789 3110 templom
821 3072 860 3108 15
870 3063 1016 3108 33-ban
1042 3062 1154 3107 epiilt
1179 3072 1197 3095 s
1223 3064 1288 3094 ezt
1313 3060 1463 3094 valami
1488 3060 1621 3093 felirat
1647 3059 1833 3093 hirdette.

269 3127 282 3145 ⁸
309 3123 353 3157 P.
389 3123 624 3158 Odescalchi
651 3122 782 3167 Lajos.

213 3203 316 3231 Fontes
339 3206 445 3231 Rerum
467 3205 753 3238 Transylvanicarum
774 3205 797 3230 1.
1653 3195 1692 3227 17
