2188 3535
400 220 475 264 306
1166 211 1242 245 No.
1272 213 1320 256 98
1771 209 1887 255 [1583
1921 208 2006 243 okt.
2041 219 2093 245 20

396 341 581 384 stantes,
628 334 705 392 qui
750 332 905 374 relicta
947 330 1099 384 patria
1142 328 1367 385 rebusque
1412 328 1624 371 omnibus
1655 327 1702 369 in
1732 327 1870 369 istam
1906 327 2091 383 provin-

397 408 513 450 ciam
544 405 602 448 ad
632 405 805 446 labores
849 404 894 442 et
939 399 1138 454 pericula
1183 398 1484 454 commigrant
1517 411 1569 440 eo
1599 398 1647 440 in
1678 398 1826 453 pretio
1858 401 1904 440 et
1935 402 2090 454 patro-

395 478 509 520 cinio
541 474 783 521 habendos,
818 471 941 526 quod
973 474 1016 511 et
1049 473 1220 520 nostra,
1253 474 1299 510 et
1334 462 1429 510 Illmi
1458 469 1639 524 nepotis
1659 468 1828 511 nostris
1859 468 2090 511 existima-

396 548 516 589 tione
547 544 732 599 dignum
764 554 857 583 esse
887 539 1111 583 videatur.
1155 539 1424 582 Fidelitates
1454 543 1631 582 vestras
1675 539 1790 582 bene
1822 543 1867 581 et
1900 537 2090 582 feliciter

394 617 542 658 valere
571 619 798 669 optamus.
2121 619 2140 648 5

510 685 682 726 Datum
714 683 761 724 in
792 695 893 724 arce
914 685 1072 724 nostra
1092 682 1212 737 regia
1236 681 1559 732 Cracoviensi,2
1590 680 1663 723 die
1693 694 1761 724 11.
1795 680 2086 737 Septembris

393 757 524 798 Anno
555 754 737 798 Domini
773 752 898 806 1583.
934 752 1078 807 Regni
1110 765 1217 795 vero
1247 753 1392 796 nostri
1423 765 1545 795 anno
1575 757 1758 795 octavo.

509 824 766 880 Stephanus
798 823 897 866 Rex
928 836 1043 878 mpr.

519 917 757 958 Kulczime:
791 915 1023 968 Magnificis
1051 916 1314 967 praesidibus
1342 917 1459 970 regni
1485 917 1621 958 nostri
1647 915 1990 970 Transylvaniae
2010 921 2090 956 etc.

393 978 426 1016 F
430 977 606 1018 idelibus
634 975 754 1016 nobis
784 975 941 1016 sincere
969 976 1146 1016 dilectis.
2106 985 2142 1013 ιο

629 1054 820 1099 (Eredeti,
851 1065 875 1088 a
900 1054 1211 1101 gyulafejervari
1235 1055 1447 1102 kaptalani
1471 1055 1639 1091 leveltar
1665 1057 1751 1101 895.
1779 1055 1847 1100 sz.)

1211 1163 1282 1207 98.

930 1251 1093 1299 Kassa,
1131 1251 1246 1305 1583
1280 1251 1446 1294 oktober
1475 1263 1545 1293 20.

687 1343 731 1382 P.
761 1342 990 1382 Possevino
1015 1343 1131 1382 Anta
1157 1343 1350 1394 Bathory
1380 1342 1529 1382 Istvan
1558 1342 1794 1395 kiralynak.

519 1425 635 1471 Κὲνὶ,
662 1428 847 1464 iizettesse
877 1425 921 1464 ki
950 1425 1232 1465 Kolozsva‘rrdl
1262 1438 1366 1477 vagy
1396 1426 1507 1477 egeisz
1537 1425 1750 1477 Erdelybdl
1779 1431 1844 1466 azt
1876 1439 1901 1465 a
1931 1426 2142 1468 mmet-15

392 1484 591 1536 orsza'gb6l
626 1484 894 1524 Kolozsvcirra
930 1484 1094 1524 veto'd6tt
1129 1485 1260 1537 izgat6
1296 1486 1407 1525 sza'sz
1431 1485 1464 1535 J
1465 1486 1595 1531 cinost,
1635 1499 1659 1524 a
1685 1485 1729 1524 ki
1753 1485 2093 1537 magaviseletevel

393 1543 642 1594 kozbotra'nyt
663 1544 768 1583 okoz.

522 1628 652 1670 Nunc
688 1627 822 1670 venio
859 1628 919 1670 ad
953 1627 1324 1684 Transylvanica.

522 1699 735 1741 Relatum
763 1703 831 1741 est
857 1698 944 1748 hic,
973 1698 1153 1741 iussisse
1179 1700 1387 1748 Turcam,
1416 1704 1469 1741 ut
1496 1699 1918 1755 Transylvanorum
1944 1700 2090 1742 bonus

393 1784 604 1812 numerus
652 1774 883 1825 peteretur
913 1784 941 1812 a
971 1769 1172 1826 principe
1204 1770 1320 1820 Ill¹¹¹⁰‚
1369 1769 1464 1813 sive
1495 1770 1555 1813 ad
1585 1770 1820 1814 Moldavos
1851 1770 2139 1820 iuvandos‚20

394 1840 487 1883 sive
517 1840 576 1882 ad
606 1840 695 1883 alia
725 1840 945 1883 eiusmodi
975 1841 1299 1897 promovenda.
1334 1840 1556 1897 Dispiciat
1588 1842 1729 1884 Sermus
1760 1856 1852 1891 rex,
1900 1841 1936 1884 si
1980 1841 2091 1898 quid

394 1911 503 1954 mihi
528 1916 643 1954 esset
667 1911 976 1961 iudicandum,
1003 1926 1094 1968 quo
1118 1911 1256 1955 falsos
1279 1912 1325 1954 in
1349 1912 1454 1955 aula
1479 1912 1680 1955 Caesaris
1703 1926 1904 1955 rumores
1928 1912 2090 1968 dispel-

390 1983 478 2024 lere
511 1982 692 2038 possim.

519 2053 696 2095 Accidit
735 2053 847 2096 item
887 2053 1182 2110 Claudiopoli,
1224 2059 1276 2096 ut
1317 2054 1505 2110 quidam
1545 2069 1568 2096 e
1607 2054 1851 2097 Germania
1889 2054 2090 2108 Joannes

394 2124 546 2173 Saxo‚1
569 2124 646 2180 qui
673 2124 938 2181 aliquandiu
960 2139 1006 2167 se
1027 2124 1161 2167 finxit
1187 2139 1331 2168 unum
1358 2139 1452 2167 esse
1479 2125 1658 2175 nostris,
1688 2125 1734 2167 in
1760 2124 2138 2170 haereticorum25

395 2199 543 2237 castra
566 2195 830 2251 confugerit.
861 2196 994 2238 Nunc
1017 2210 1126 2238 vero
1150 2196 1274 2252 apud
1296 2195 1501 2245 Arianos,
1528 2211 1648 2239 nunc
1672 2196 1796 2252 apud
1819 2196 1930 2239 alios
1953 2209 2090 2252 agens

396 2265 629 2321 collegium
668 2280 930 2322 oppugnare
969 2271 1015 2309 et
1047 2267 1353 2310 adolescentes
1393 2268 1654 2310 subvertere
1692 2267 1867 2309 nititur.
1911 2267 2005 2309 Nos
2042 2265 2089 2308 in

396 2350 497 2378 eum
522 2336 616 2379 iure
642 2351 771 2393 agere
797 2352 1050 2393 possumus,
1079 2337 1157 2394 qui
1182 2342 1363 2380 nostrae
1389 2352 1435 2380 se
1461 2337 1664 2380 subdidit
1690 2337 1923 2394 potestati,
1951 2336 2084 2386 votis,

397 2406 506 2456 vita,
529 2407 716 2464 ipsoque
737 2423 873 2464 quern
893 2408 941 2450 in
962 2408 1046 2451 Dei
1067 2413 1313 2464 conspectu
1335 2409 1470 2451 debet
1491 2408 1618 2451 victu
1640 2414 1685 2451 et
1707 2408 1917 2451 omnibus
1938 2422 2087 2451 neces·

396 2476 520 2519 sariis
556 2479 700 2527 rebus,
740 2479 905 2535 quibus
941 2493 969 2522 a
1005 2479 1231 2522 Societate
1262 2484 1546 2522 sustentatus
1578 2484 1658 2522 est.
1696 2479 1753 2531 Is,
1788 2479 1938 2535 igitur,
1973 2478 2010 2521 si
2040 2478 2136 2524 in30

398 2552 672 2601 potestatem
706 2554 910 2592 nostram
945 2550 1168 2600 tradatur,
1206 2555 1286 2593 aut
1322 2555 1441 2593 certe
1476 2565 1531 2593 ex
1566 2550 1689 2593 omni
1743 2549 1956 2606 principis
1992 2544 2086 2591 Illmi

399 2616 566 2660 ditione
599 2620 804 2674 protinus
837 2620 1054 2670 eiiciatur‚
1090 2621 1225 2663 faciet
1260 2621 1401 2677 Regia
1434 2621 1647 2664 Maiestas
1679 2636 1774 2663 rem
1806 2635 1852 2663 se
1885 2620 2083 2676 dignam,

399 2688 658 2731 scandalum
694 2690 805 2733 illud
840 2691 969 2734 tollet
1006 2691 1189 2747 collegio
1226 2696 1271 2734 et
1307 2691 1560 2741 seminario,
1599 2706 1715 2748 quae
1755 2692 1861 2747 (non
1897 2690 2086 2733 minima

399 2758 490 2811 spe)
520 2759 742 2814 Ungariae
767 2762 859 2804 iam
883 2762 969 2818 ipsi
994 2762 1230 2805 universae
1256 2763 1427 2805 bonum
1452 2763 1636 2805 odorem
1661 2762 1893 2818 praebent.
1923 2761 1979 2803 Id
2003 2775 2084 2816 ego

397 2826 632 2870 Societatis
676 2832 856 2875 nomine
898 2832 1027 2875 enixe
1059 2847 1087 2875 a
1120 2832 1261 2888 Regia
1293 2832 1369 2875 Mte
1402 2833 1640 2882 contendo,
1685 2832 1756 2874 cui
1797 2831 1949 2874 omnia
1991 2831 2083 2874 feli-
2096 2849 2133 2877 35

396 2897 573 2940 cissima
606 2904 793 2954 precor.²
1103 2905 1105 2907 ’

397 2984 600 3032 (Egykori'i
632 2990 813 3032 masolat,
848 2993 974 3028 romai
1002 2997 1086 3028 vat.
1115 2994 1384 3028 »Nunziatura
1412 2994 1453 3028 di
1471 2993 1706 3028 Germania«
1727 3002 1808 3037 105.
1828 2994 1912 3028 kot.
1933 2994 2018 3036 604.
2038 2994 2082 3036 1.)

521 3071 534 3091 ²
561 3071 653 3106 Irva
680 3075 929 3112 szokatlanul
958 3079 999 3113 es
1029 3078 1198 3113 hibz'isan
1225 3078 1318 3123 igy:
1350 3077 1635 3113 Craccoviensi.

523 3151 534 3172 ²
562 3151 686 3187 Talan
715 3165 860 3190 azonos
884 3157 1089 3202 Neotytus
1117 3158 1302 3194 Peterrel.

521 3198 534 3218 2
560 3199 594 3232 E
623 3200 723 3235 level
751 3203 870 3247 elejet
899 3205 939 3239 es
969 3207 1086 3252 vegei:
1114 3207 1347 3252 elhagytuk,
1379 3206 1498 3241 mivel
1528 3207 1613 3242 mas
1643 3206 1819 3252 targyrol
1852 3206 2027 3242 szolnak.
2093 3218 2130 3246 40
