2188 3535
162 226 252 271 ¹581
288 234 377 268 aug.
412 225 476 267 22]
926 224 998 259 No.
1038 228 1082 270 58
1779 229 1845 266 155

157 341 343 384 reddam
361 355 369 383 :
394 345 439 383 et
461 355 516 383 en
539 341 629 383 fere
650 341 741 384 iam
763 341 994 384 biennium
1016 347 1097 392 est,
1122 357 1212 398 quo
1234 342 1379 384 nullas
1401 339 1530 397 potui
1551 339 1704 382 literas
1727 338 1847 387 dare,

156 426 237 455 nec
265 412 325 454 ad
352 412 498 455 Tuam
527 413 581 455 R.
614 410 722 462 Ptem‚
767 426 847 455 nec
876 413 936 455 ad
963 414 1107 455 bonae
1136 412 1378 456 memoriae
1407 414 1455 455 P.
1487 410 1847 458 Mercurianum;

157 482 324 539 partim
350 483 409 525 ob
434 496 594 538 graves
620 487 665 525 et
693 482 896 526 assiduas
922 483 1253 539 occupationes,
1284 483 1448 539 quibus
1474 482 1521 524 in
1547 481 1641 524 dies
1667 481 1847 529 obruor,

156 553 324 609 partim
344 567 464 603 vero,
487 553 611 609 quod
629 554 849 596 hactenus
870 554 1043 597 nullum
1063 555 1133 596 hic
1153 555 1331 597 fidelem
1347 553 1633 596 tabellarium
1647 551 1849 594 invenire

106 641 126 668 5
155 627 408 679 potuerim:
455 624 526 667 cui
571 629 673 666 tuto
718 638 840 668 meas
887 625 1169 669 committere
1213 625 1474 682 potuissem.
1522 625 1653 666 Nunc
1695 627 1851 664 autem

155 695 311 738 oblata
341 695 453 737 mihi
484 694 717 738 occasione
749 695 984 745 scribendi,
1019 710 1097 751 per
1128 700 1399 738 mercatores
1438 694 1660 751 quosdam
1701 695 1852 748 Ragu-

157 779 280 808 seos:
322 765 542 821 negligere
580 770 761 809 tantam
796 766 1188 822 opportunitatem
1223 766 1357 809 nolui.
1397 766 1557 809 Dicam
1592 764 1729 820 igitur
1763 762 1851 819 pri-

156 851 283 879 mum
314 836 370 879 de
400 851 587 879 numero
620 842 803 893 patrum
835 842 880 879 et
911 837 1116 886 fratrum,
1148 837 1292 893 deque
1321 836 1597 892 singulorum
1627 834 1775 877 officio
1806 837 1850 875 et

157 907 376 962 profectu.
408 908 525 950 Tum
547 907 708 950 deinde
730 908 785 950 de
806 908 989 950 rectoris
1012 908 1416 950 administratione.
1455 904 1852 962 Quemadmodum

110 994 144 1022 ιο
156 992 277 1021 nona
308 978 460 1034 regula
491 979 800 1021 consultorum
832 979 1063 1034 praecipit.

289 1049 454 1092 Sumus
472 1049 519 1091 in
537 1049 798 1092 universum
817 1050 863 1092 in
882 1049 1211 1105 Transylvania
1233 1049 1288 1091 de
1310 1048 1535 1091 Societate
1557 1047 1622 1096 16,
1645 1061 1668 1088 e
1688 1046 1853 1102 quibus

158 1119 319 1163 fratres
337 1132 376 1175 7,
401 1125 553 1175 patres
571 1133 597 1176 9
616 1125 735 1163 sunt.
761 1122 831 1163 Ex
850 1120 1056 1176 patribus
1075 1120 1164 1162 duo
1183 1119 1375 1175 Ungari:
1410 1120 1457 1161 P.
1479 1117 1695 1172 Georgius
1713 1117 1853 1158 Toros

158 1195 203 1232 et
231 1192 280 1233 P.
310 1191 511 1245 Joannes
538 1191 734 1234 Lelesius
762 1191 903 1233 Albae
931 1191 1079 1246 Juliae
1107 1190 1316 1239 resident,
1361 1189 1496 1231 ambo
1528 1187 1852 1230 concionantur

159 1261 343 1304 alternis
369 1262 556 1305 vicibus.
586 1262 755 1304 Lelesio
781 1266 1014 1318 praeterea
1039 1261 1261 1304 incumbit
1288 1260 1427 1303 etiam
1453 1273 1561 1302 cura
1586 1257 1855 1300 instituendi

110 1349 145 1376 15
159 1332 432 1388 Sigismundi
462 1333 687 1388 principis.
712 1334 779 1375 De
810 1332 987 1374 duobus
1018 1332 1115 1374 istis
1146 1331 1255 1373 nihil
1285 1331 1444 1381 habeo,
1478 1329 1602 1385 quod
1631 1328 1852 1370 scribam:

158 1408 277 1446 recte
308 1403 427 1446 enim
453 1404 588 1445 ambo
614 1417 694 1445 suo
721 1403 972 1458 funguntur
997 1403 1145 1444 officio
1172 1408 1216 1444 et
1243 1403 1363 1444 bona
1389 1401 1444 1443 de
1469 1405 1664 1456 utroque
1690 1398 1750 1441 ad
1775 1412 1856 1440 nos

158 1474 281 1516 fama
300 1474 503 1516 refertur.
528 1473 623 1516 Nisi
643 1473 767 1529 quod
787 1473 984 1516 Lelesius
1004 1473 1195 1516 nimium
1215 1486 1545 1528 nonnunquam
1565 1485 1610 1513 se
1630 1469 1854 1512 immiscet

156 1544 202 1585 in
228 1558 296 1586 res
321 1545 540 1586 seculares
566 1549 610 1586 et
637 1544 808 1586 nobiles
834 1544 1002 1586 aulicos
1027 1549 1165 1586 terret
1188 1558 1195 1585 t
1226 1544 1427 1586 minatur
1451 1556 1503 1585 ac
1529 1541 1565 1584 si
1591 1541 1685 1597 ipse
1712 1540 1855 1582 totius

156 1615 284 1658 aulae
330 1615 543 1670 principis
589 1616 865 1670 gubernator
910 1620 1040 1664 esset,
1091 1615 1145 1657 de
1192 1629 1282 1671 quo
1330 1614 1491 1657 merito
1540 1610 1854 1655 admonendus

108 1689 285 1736 2oesset‚
323 1700 378 1728 ne
414 1686 543 1728 nobis
577 1685 701 1741 apud
736 1686 1023 1728 nobilitatem
1058 1686 1214 1728 odium
1249 1685 1468 1728 conciliet.

289 1757 468 1813 Reliqui
510 1769 536 1811 7
580 1762 731 1812 patres
775 1757 1056 1812 Claudiopoli
1098 1757 1390 1799 habitamus:
1439 1757 1486 1798 P.
1534 1753 1744 1810 Aloysius
1788 1752 1858 1795 vir

157 1828 301 1870 bonus
332 1832 378 1870 et
410 1832 572 1878 rectus,
607 1832 900 1870 conversatus
932 1832 1000 1870 est
1032 1829 1253 1870 hactenus
1285 1827 1404 1869 inter
1435 1841 1516 1868 nos
1549 1826 1643 1868 sine
1676 1823 1858 1880 querela

158 1899 436 1955 cuiusquam.
488 1899 576 1955 Qui
618 1899 728 1941 dum
770 1913 953 1954 corpore
996 1904 1116 1940 recte
1160 1898 1357 1947 valebat,
1403 1911 1559 1939 curam
1602 1895 1858 1938 scholarum

157 1970 355 2012 habebat
379 1975 423 2012 et
446 1969 772 2012 catechismum
795 1969 943 2025 pueris
966 1970 1124 2012 diebus
1146 1969 1346 2018 Veneris,
1372 1968 1498 2011 festis
1522 1972 1677 2010 autem
1700 1966 1858 2008 diebus

110 2056 146 2084 25
159 2041 406 2096 Evangelia
423 2041 702 2096 explicabat:
728 2041 807 2083 sed
827 2040 919 2084 iam
937 2040 1150 2082 dimidius
1168 2054 1314 2082 annus
1334 2044 1416 2089 est,
1438 2054 1493 2081 ex
1512 2053 1601 2095 quo
1625 2035 1856 2079 decumbit

160 2111 448 2168 paralyticus.
474 2112 582 2154 Vita
605 2116 789 2154 tanturn
810 2112 966 2153 haeret
989 2111 1035 2153 in
1059 2111 1248 2153 dimidia
1270 2110 1468 2166 corporis
1491 2114 1634 2165 parte,
1660 2123 1687 2150 a
1710 2107 1858 2162 capite

160 2197 302 2239 usque
332 2182 392 2225 ad
421 2183 624 2225 lumbos:
665 2182 837 2238 reliqua
868 2197 971 2237 pars
1002 2182 1119 2224 inira
1149 2182 1326 2224 lumbos
1357 2195 1461 2223 cum
1492 2185 1686 2234 utroque
1731 2177 1856 2233 pede,

160 2253 428 2296 insensibilis
462 2267 643 2309 prorsus
678 2253 800 2295 facta
833 2257 915 2295 est.
953 2253 1283 2296 Consuluerunt
1319 2251 1480 2293 medici
1514 2264 1618 2292 cum
1652 2248 1858 2302 chirurgo

161 2324 386 2380 principis,
412 2330 464 2367 ut
489 2331 638 2367 aerem
662 2328 874 2366 mutaret.
902 2324 1143 2366 Asserebat
1168 2322 1419 2366 Blandrata
1450 2335 1496 2363 se
1520 2321 1668 2376 plures
1693 2318 1859 2361 similes

112 2410 149 2437 30
162 2395 332 2438 misisse
365 2395 628 2438 Cracoviam
661 2399 705 2436 et
737 2394 800 2436 ibi
832 2399 1012 2436 curatos
1044 2394 1192 2436 fuisse.
1231 2394 1399 2435 Verum
1432 2406 1522 2434 non
1554 2390 1640 2432 fuit
1673 2389 1858 2431 rectoris

162 2466 387 2518 voluntas,
422 2471 474 2508 ut
507 2480 558 2508 eo
591 2465 861 2508 mitteretur.
906 2465 1004 2507 Iam
1036 2464 1185 2520 igitur,
1224 2470 1449 2519 quantum
1485 2476 1565 2517 ego
1602 2461 1860 2503 coniectura

163 2537 340 2594 assequi
363 2551 560 2593 possum,
585 2537 769 2578 morbus
784 2536 916 2591 plane
931 2540 998 2577 est
1014 2534 1284 2577 incurabilis.
1311 2533 1526 2576 Dolemus
1549 2546 1704 2574 omnes
1727 2531 1859 2573 vehe-

165 2613 339 2650 menter
376 2608 522 2651 vicem
560 2607 722 2663 optimi
760 2606 915 2662 patris.

296 2679 527 2722 Secundus
562 2683 692 2734 pater
737 2682 804 2720 est
851 2676 1141 2719 concionator
1186 2676 1430 2724 Saxonum,
1466 2676 1513 2717 P.
1548 2673 1859 2730 Volfgangus,l

115 2761 154 2789 35
166 2764 301 2805 quem
321 2764 499 2792 mecum
519 2750 607 2792 huc
629 2748 800 2791 adduxi
822 2762 877 2790 ex
900 2748 1021 2790 Urbe
1043 2761 1049 2788 :
1076 2751 1196 2789 recte
1217 2761 1263 2789 se
1283 2746 1419 2802 gessit
1441 2750 1485 2788 et
1508 2745 1602 2801 ipse
1623 2746 1857 2792 hactenus,

166 2820 250 2862 nisi
288 2821 411 2877 quod
447 2835 539 2863 non
577 2824 728 2876 potest
767 2818 945 2868 adduci,
985 2822 1037 2860 ut
1077 2818 1202 2860 festis
1240 2822 1501 2860 sanctorum
1538 2815 1855 2858 concionetur:

167 2903 349 2934 causam
388 2891 587 2948 assignat
625 2892 755 2940 hanc,
797 2889 921 2946 quod
959 2889 1158 2931 Saxones
1196 2888 1264 2930 sui
1301 2903 1393 2931 non
1431 2888 1604 2930 soleant
1643 2886 1734 2928 ulla
1772 2885 1860 2927 alia

170 2960 285 3004 festa
306 2962 527 3005 celebrare
550 2966 730 3018 praeter
751 2961 871 3004 diem
893 2959 1178 3002 dominicam.
1210 2959 1352 3015 Atqui
1374 2958 1596 3014 paulatim
1618 2955 1860 2999 inducendi

171 3036 330 3074 essent.
362 3033 481 3075 Nam
508 3032 545 3075 si
574 3047 655 3075 nec
684 3046 766 3074 nos
795 3030 1103 3074 concionando
1133 3030 1250 3072 festa
1278 3035 1539 3072 sanctorum
1568 3028 1856 3075 celebremus,

122 3112 158 3140 40
171 3102 535 3145 confirmabimus
557 3103 741 3145 miseros
762 3101 1011 3145 haereticos
1042 3101 1087 3142 in
1119 3100 1209 3142 suis
1241 3100 1475 3142 erroribus.
1510 3099 1703 3142 Videtur
1734 3111 1859 3153 prae-

301 3202 315 3223 1
342 3202 385 3236 P.
415 3203 585 3238 Schreck
613 3204 775 3238 Farkas.
