2188 3535
358 212 429 254 238
1122 202 1195 236 No.
1226 203 1272 247 78
1724 202 1840 248 [1582
1872 202 1956 236 okt.
1995 213 2041 248 19

359 327 581 369 mittenda
606 329 718 367 esset
745 320 928 364 violatio
955 320 1146 362 duorum
1172 318 1405 368 festorum,
1432 333 1523 362 non
1549 319 1726 376 frigora,
1754 333 1835 361 nec
1860 318 2039 374 pluvias

358 396 600 444 imminere,
644 406 758 449 quae
799 390 899 432 uvis
940 390 1094 432 obesse
1135 394 1318 444 possent
1339 403 1349 440 ;
1393 389 1609 433 dilatione
1649 395 1805 433 autem
1847 390 2039 433 duorum

359 467 529 509 dierum
562 477 651 506 non
684 461 936 508 deterioreS,
972 459 1050 501 sed
1082 459 1286 502 meliores
1318 464 1362 502 et
1385 460 1653 503 maturiores
1686 460 1863 502 futuras
1895 474 2036 503 uvas:

359 536 541 578 tandem
564 532 670 588 quia
690 529 916 579 haeretici,
939 529 1017 585 qui
1038 529 1190 572 omnia
1211 529 1327 573 festa
1348 531 1538 587 cupiunt
1559 530 1740 580 aboleri,
1764 529 1892 573 facile
1912 531 2042 573 nobis

261 617 300 640 «υ-
336 604 543 648 -obiicere
567 605 762 658 possent,
802 614 947 656 neque
984 614 1066 642 nos
1103 599 1219 643 festa
1255 615 1528 658 magnopere
1565 615 1733 650 curare,
1772 600 1850 643 ubi
1887 606 2043 644 nostra
2073 612 2091 641 5

185 1457 279 1489 Szept.
300 1465 342 1489 30.

181 2023 273 2055 Szept.
300 2025 342 2049 28.

356 674 504 729 agitur
533 672 718 714 utilitas.
753 671 807 713 In
837 671 1027 713 eandem
1058 670 1148 713 fere
1178 671 1453 715 sententiam
1483 672 1599 714 dixit
1629 676 1674 714 et
1705 671 1846 714 alter:
1880 671 2042 714 tertius

357 758 461 786 vero
490 747 534 785 et
565 742 753 784 ultimus
786 741 908 796 (nam
938 746 1047 783 tunc
1077 756 1168 784 non
1197 756 1376 785 eramus
1405 743 1569 799 plures)
1604 742 1772 798 partim
1802 742 2044 786 videbatur

356 813 607 861 concedere,
642 811 809 868 partim
841 825 1032 867 negare;
1066 812 1175 854 nihil
1207 817 1362 855 tamen
1394 827 1530 856 ausus
1561 818 1628 856 est
1660 813 1769 855 certi
1801 812 2039 856 affirmare.

356 884 438 927 His
466 883 645 932 auditis,
675 882 891 925 conclusit
914 887 1072 933 rector,
1092 887 1143 924 ut
1173 897 1299 926 sacra
1326 889 1371 926 et
1401 883 1636 927 conciones
1664 884 1821 926 fierent
1850 888 2043 940 utroque

356 955 469 997 festo
496 959 602 996 ante
629 953 885 1009 prandium,
914 958 1017 1009 post
1045 953 1288 1009 prandium
1315 969 1422 997 vero
1449 954 1742 997 laboraretur.
1773 953 2043 998 Praemonui
2058 967 2093 995 10

356 1025 480 1067 illum
503 1039 594 1067 non
618 1024 791 1079 placere
815 1025 912 1066 Deo
936 1023 1175 1067 dimidiata
1199 1024 1383 1067 servitia
1406 1030 1451 1067 et
1475 1025 1649 1068 videret
1672 1026 1799 1075 bene,
1826 1040 1882 1068 ne
1905 1024 2043 1081 parti-

356 1109 459 1151 ceps
482 1096 606 1137 fieret
632 1094 835 1137 omnium
860 1099 1165 1150 peccatorum,
1192 1110 1309 1151 quae
1335 1095 1579 1139 violatione
1604 1096 1823 1139 festorum
1847 1096 1893 1138 in
1917 1110 2044 1139 mon-

357 1167 478 1208 tibus
497 1165 660 1208 nostris
675 1165 1081 1215 committerentur,
1119 1180 1223 1208 cum
1238 1166 1380 1222 possit
1395 1166 1612 1222 impedire
1633 1171 1678 1209 et
1698 1181 1788 1209 non
1808 1166 2041 1223 impediat.

357 1238 523 1279 Verum
546 1236 639 1292 ipse
661 1235 730 1278 his
753 1235 864 1278 nihil
886 1241 1052 1286 motus,
1077 1236 1326 1292 permansit
1350 1237 1396 1279 in
1420 1251 1501 1280 sua
1524 1237 1750 1280 sententia
1773 1242 1818 1280 et
1840 1237 2044 1294 permisit

357 1312 548 1363 utroque
586 1307 700 1349 festo
738 1307 926 1350 labores.
968 1307 1022 1349 In
1061 1307 1177 1350 festo
1215 1313 1371 1351 autem
1410 1309 1451 1350 S.
1494 1307 1724 1351 Michaelis
1761 1308 2044 1365 evangelium
2058 1320 2094 1348 15

358 1378 532 1434 legebat
562 1378 616 1420 de
644 1377 894 1420 scandalis:
926 1379 1021 1421 Vae
1053 1379 1223 1421 mundo
1252 1393 1279 1422 a
1307 1379 1530 1422 scandalis
1564 1384 1648 1421 etc.
1695 1378 1909 1436 Sequenti
1938 1393 2045 1422 vero

359 1448 582 1491 dominica
611 1449 665 1491 de
693 1448 943 1505 hydropico
972 1449 1198 1492 sabbatho
1227 1464 1254 1492 a
1283 1450 1480 1493 Domino
1510 1454 1682 1500 curato,
1712 1449 1792 1492 ubi
1821 1449 2045 1506 explican-

358 1519 466 1562 dum
500 1524 609 1570 erat,
644 1533 760 1576 quae
793 1534 930 1576 opera
962 1519 1008 1562 in
1041 1520 1167 1563 festis
1199 1520 1289 1563 sint
1323 1521 1541 1577 permissa
1574 1526 1618 1563 et
1653 1535 1769 1577 quae
1801 1520 2043 1577 prohibita.

358 1590 530 1646 Cogitet
561 1591 659 1633 Tua
704 1590 989 1640 Reverentia,
1037 1606 1128 1647 quo
1173 1591 1324 1634 animo
1368 1597 1414 1634 et
1459 1606 1551 1648 qua
1594 1591 1790 1634 fronte1⁰
1819 1591 2045 1648 potuerim

357 1660 440 1702 illis
464 1660 589 1703 festis
613 1660 723 1704 alios
746 1662 1069 1717 reprehendere
1093 1662 1148 1705 de
1173 1663 1385 1705 scandalo
1401 1667 1446 1705 et
1463 1663 1518 1705 de
1542 1662 1786 1705 violatione
1810 1662 2043 1711 festorum,
2058 1675 2095 1703 20

357 1745 459 1773 cum
490 1731 631 1774 nostri
662 1736 760 1775 tam
791 1737 950 1788 aperta
980 1734 1248 1788 praeberent
1279 1734 1493 1776 scandala
1524 1733 1721 1776 decimas
1751 1732 1969 1789 exigendo
2000 1738 2045 1776 et

356 1802 401 1844 in
430 1802 520 1845 suis
547 1802 677 1845 terris
705 1803 881 1846 labores
908 1803 1229 1859 permittendo,
1276 1809 1321 1847 et
1351 1809 1447 1847 tam
1477 1804 1613 1847 libere
1641 1809 1686 1847 et
1715 1804 1809 1847 sine
1837 1803 2046 1860 scrupulo

357 1873 446 1915 ullo
482 1873 599 1916 festa
634 1873 928 1917 violarentur.

485 1945 653 1987 Verum
674 1945 903 1988 enimvero
924 1960 1015 1988 non
1035 1945 1141 1988 sinit
1162 1948 1285 1989 Deus
1305 1950 1486 1989 tantam
1506 1945 1735 1989 licentiam
1756 1945 1833 1989 diu
1852 1945 2047 1988 inultam

357 2028 627 2069 permanere.
664 2016 812 2059 Pridie
844 2016 964 2059 enim
998 2016 1100 2059 festi
1135 2017 1289 2060 Sancti
1322 2017 1566 2066 Michaelis,
1601 2032 1692 2073 quo
1724 2017 1796 2060 die
1828 2015 2096 2059 conclusit25

356 2086 477 2141 apud
499 2100 544 2128 se
566 2091 713 2129 rector
733 2087 1088 2143 permittendam
1112 2102 1205 2130 esse
1228 2087 1522 2130 violationem
1544 2088 1830 2144 sequentium
1853 2088 2047 2130 duorum

357 2154 586 2206 festorum,
614 2158 772 2200 eadem
797 2158 1003 2214 sequenti
1028 2164 1173 2208 nocte,
1201 2159 1247 2201 in
1272 2164 1426 2202 nostro
1449 2159 1770 2214 promontorio,
1793 2159 1882 2201 duo
1905 2157 2045 2214 pueri,

355 2240 469 2268 unus
505 2228 544 2276 8,
583 2228 698 2270 alter
729 2241 754 2284 9
785 2229 960 2272 circiter
995 2244 1231 2279 annorum,
1271 2229 1349 2286 qui
1381 2229 1537 2272 vineas
1573 2243 1676 2272 suas
1712 2229 2044 2277 custodiebant,

354 2297 519 2353 filiique
543 2304 671 2341 erant
697 2300 890 2342 duarum
914 2300 1169 2350 viduarum,
1195 2300 1421 2343 laetaliter
1444 2305 1550 2343 sunt
1575 2300 1800 2343 vulnerati
1824 2315 1851 2343 a
1873 2300 2045 2343 latrun-

356 2367 476 2416 culis,
501 2369 577 2424 qui
600 2375 818 2413 venerant
843 2370 1046 2414 furatum
1070 2386 1198 2421 uvas,
1224 2386 1343 2414 unus
1366 2371 1521 2421 biduo,
1547 2371 1662 2414 alter
1685 2371 1836 2414 triduo
1860 2375 2044 2413 tantum
2059 2384 2095 2411 30

357 2439 616 2493 supervixit.
648 2442 707 2482 Et
735 2441 842 2498 quia
868 2442 939 2484 lex
966 2447 1034 2484 est
1061 2442 1195 2485 huius
1220 2442 1358 2498 regni,
1387 2447 1438 2484 ut
1466 2442 1512 2484 in
1538 2456 1732 2498 quorum
1759 2441 2045 2485 dominorum

357 2508 483 2550 terris
496 2511 614 2553 mala
629 2517 961 2567 perpetrantur,
977 2513 1145 2555 ibidem
1161 2518 1205 2555 et
1223 2513 1472 2569 puniantur
1486 2518 1531 2555 et
1548 2513 1802 2555 iudicentur
1817 2516 2042 2561 nocentes,

358 2577 462 2632 quia
508 2586 661 2623 autem
710 2582 755 2624 in
786 2583 812 2625 6
844 2583 1008 2626 nostris
1038 2583 1166 2640 pagis
1197 2599 1278 2626 nos
1309 2598 1466 2626 sumus
1497 2583 1668 2627 domini
1699 2582 1970 2639 temporales
2000 2586 2046 2624 et

357 2647 608 2702 spirituales
639 2657 683 2694 et
710 2653 953 2697 homicidia
979 2654 1025 2696 in
1052 2654 1217 2697 nostris
1262 2654 1391 2697 terris
1418 2659 1546 2697 erant
1574 2658 1847 2710 perpetrata,
1878 2656 2046 2695 matres

358 2732 595 2773 puerorum
634 2730 914 2766 recurrerunt
953 2740 1034 2781 pro
1072 2725 1247 2768 iustitia
1287 2725 1346 2768 ad
1382 2725 1619 2767 dominum
1651 2724 1748 2774 loci,
1784 2723 2095 2766 immediateaf,

357 2789 539 2843 quidem
587 2793 643 2834 ad
682 2799 887 2838 nostrum
919 2800 1262 2851 procuratorem
1296 2801 1341 2839 et
1373 2795 1603 2838 mediante
1625 2795 1700 2838 illo
1731 2795 1790 2837 ad
1810 2799 2043 2843 rectorem,

357 2865 576 2913 rogantes,
630 2867 679 2903 ut
720 2870 933 2918 pastores,
975 2867 1053 2923 qui
1103 2880 1242 2923 prope
1281 2880 1384 2908 suas
1428 2866 1581 2908 vineas
1632 2879 1739 2907 oves
1782 2865 2043 2921 pascebant,

358 2936 635 2984 caperentur,
661 2934 783 2988 quod
820 2941 976 2979 contra
1013 2937 1110 2980 illos
1147 2937 1366 2980 haberent
1418 2935 1730 2991 suspicionem.
1772 2935 1899 2978 Alter
1925 2935 2045 2978 enim

359 3013 467 3053 puer
493 3007 598 3044 ante
625 3009 816 3047 mortem
845 3006 1019 3050 dixerat
1048 3022 1093 3050 se
1120 3022 1147 3050 a
1174 3006 1434 3063 pastoribus
1461 3006 1622 3049 baculo
1663 3020 1756 3048 esse
1784 3020 2045 3062 percussum

358 3067 402 3109 in
436 3071 595 3126 capite.
627 3074 762 3116 Pater
793 3083 1057 3131 procurator
1090 3078 1211 3121 misit
1235 3082 1431 3133 quatuor
1466 3091 1521 3120 ex
1555 3076 1735 3119 famulis
1756 3076 1933 3126 nostris,
1967 3076 2045 3133 qui
2057 3090 2094 3118 40

365 3146 2047 3161 R———ss

487 3172 516 3191 ¹⁰
544 3172 636 3207 Irva
660 3175 771 3209 talan
796 3176 988 3212 hibasan:
1015 3178 1139 3213 fonte.
