2188 3535
394 185 465 229 298
1156 180 1230 215 No.
1260 191 1305 227 95
1777 179 1892 225 [1583
1925 188 2014 223 aug.
2053 189 2066 214 1

393 300 583 356 regulari
625 300 758 341 domo
800 298 860 338 illi
903 298 1126 353 contigua,
1171 312 1287 354 quae
1329 297 1436 340 olim
1479 297 1626 340 fuerat
1669 296 1862 340 fratrum
1903 295 2072 339 ordinis

397 370 754 426 praedicatorum
787 366 919 409 nullis
951 367 1218 423 iampridem
1250 368 1297 410 in
1330 382 1383 410 ea
1415 367 1730 411 habitantibus
1763 367 1872 410 dicti
1905 366 2073 410 ordinis

395 440 620 486 fratribus,
655 437 733 479 sed
765 450 945 492 prorsus
978 437 1155 480 deserta
1188 443 1233 480 et
1268 437 1480 481 derelicta
1513 442 1726 481 manente
1759 437 1805 480 in
1839 437 2073 494 collegium

395 516 437 552 et
484 507 811 550 habitationem
856 507 979 549 haud
1025 507 1160 550 dubie
1205 508 1328 564 piam
1374 509 1491 551 hanc
1536 508 1835 551 intentionem
1881 507 2074 564 praefati

394 576 610 633 Stephani
636 576 748 631 regis
773 575 978 620 adiutam
1005 582 1050 620 et
1077 579 1392 622 confirmatam
1418 579 1471 622 iri
1497 593 1681 635 sperans
1706 583 1862 622 nostra
1887 583 1932 622 et
1957 578 2075 622 sedis
2105 597 2122 625 5

394 646 664 703 apostolicae
703 647 975 690 auctoritate
1014 653 1059 690 et
1098 649 1381 706 beneplacito
1419 650 1760 700 interveniente,
1794 664 1898 692 cum
1949 663 2075 706 prae-

393 717 548 760 sertim
581 716 741 758 ovibus
773 715 858 758 illis
889 718 980 761 iam
1013 723 1122 761 tunc
1155 721 1214 763 ab
1245 720 1434 763 humani
1465 720 1637 777 generis
1667 721 1800 763 hoste
1834 734 1913 777 per
1944 719 2076 763 devia

394 794 461 830 tot
495 800 693 829 errorum
724 787 783 829 ab
814 788 921 831 ovili
953 789 1178 833 dominico
1210 796 1448 834 veternoso
1479 791 1574 833 eius
1605 795 1708 834 astu
1742 790 1961 848 separatis
1991 791 2076 833 hoc

391 872 532 900 unum
575 862 713 913 atque
755 857 939 902 unicum
982 861 1198 903 redeundi
1241 866 1492 918 superesset
1535 862 1797 911 remedium,
1843 876 1895 904 ac
1938 861 2076 905 etiarn

391 929 574 970 demum
618 928 737 970 idem
781 928 1039 985 Stephanus
1082 945 1160 974 rex
1204 933 1606 975 commoditatibus
1649 932 1849 989 ipsorum
1893 937 2126 988 patrumm

391 998 664 1055 peramplius
691 1001 920 1043 consulere
947 1001 1116 1052 volens,
1146 1017 1288 1046 unum
1316 1004 1500 1046 hortum
1528 1018 1667 1059 prope
1695 1008 1740 1046 et
1768 1008 1898 1046 extra
1925 1016 2077 1046 muros

390 1069 537 1111 dictae
572 1069 772 1111 civitatis
806 1083 861 1113 ex
896 1072 1086 1115 adverso
1121 1078 1279 1129 portae
1314 1074 1468 1117 Sancti
1503 1074 1702 1130 Gregorii
1737 1074 1936 1117 eiusdem
1971 1073 2077 1116 civi-

393 1139 499 1182 tatis
539 1139 677 1182 situm
717 1145 762 1182 et
802 1141 923 1192 olim,
965 1143 1075 1186 dum
1115 1144 1347 1187 christiani
1386 1159 1510 1201 reges
1549 1144 1749 1201 legitimo
1789 1144 2079 1187 successionis

390 1210 484 1252 iure
509 1224 694 1266 regnum
719 1210 829 1253 illud
855 1213 1079 1269 Ungariae
1103 1215 1411 1271 possidebant,
1438 1215 1828 1272 ecclesiasticaque
1853 1220 1898 1258 et
1923 1216 2078 1258 catho-

392 1281 477 1323 lica
513 1281 746 1337 disciplina
781 1281 842 1324 ibi
867 1283 1064 1340 vigebat,
1097 1286 1156 1328 ad
1180 1286 1540 1342 praeposituram
1562 1286 1804 1329 Albensem
1839 1300 1917 1329 seu
1954 1300 2080 1343 prae·
2096 1303 2131 1331 15

393 1351 642 1407 posituram
681 1352 890 1397 ecclesiae
927 1355 1148 1405 Albensis,
1189 1371 1305 1413 quae
1344 1357 1474 1399 annis
1512 1357 1768 1413 praeteritis
1806 1357 1938 1400 simul
1977 1370 2081 1402 cum

394 1422 483 1464 fere
533 1422 740 1465 omnibus
797 1425 996 1468 eiusdem
1041 1426 1240 1470 civitatis
1286 1427 1511 1471 beneficiis
1555 1427 1864 1471 ecclesiasticis
1898 1432 2083 1484 propter

394 1492 581 1548 impiam
619 1493 865 1538 Turcarum
903 1497 1162 1540 huiusmodi
1199 1498 1440 1541 saevitiam
1479 1513 1506 1541 a
1544 1499 1853 1542 sacerdotibus
1891 1503 1936 1541 et
1975 1498 2082 1541 viris

394 1564 703 1606 ecclesiasticis
733 1566 926 1610 obtineri
958 1568 1178 1618 desuevit,
1212 1569 1516 1625 pertinentem
1548 1569 1694 1612 eidem
1726 1569 1940 1613 Societati
1971 1569 2082 1624 Jesu

394 1634 600 1690 illiusque
636 1636 847 1691 religiosis
884 1639 1084 1694 personis
1120 1640 1180 1682 ad
1215 1654 1347 1683 usum
1384 1655 1538 1684 eorum
1576 1645 1621 1683 et
1658 1640 1704 1683 in
1741 1654 1831 1697 quo
1867 1640 2000 1683 horto
2036 1653 2132 1684 seio

396 1705 648 1748 studiorum
667 1706 895 1751 laboribus
915 1709 1188 1766 defatigatos
1206 1711 1493 1754 recreationis
1513 1725 1651 1754 causa
1670 1711 1863 1767 recipere
1883 1715 2081 1767 possent,

393 1776 779 1831 quemadmodum
806 1780 1026 1835 promissa
1052 1781 1315 1825 universum
1341 1782 1564 1839 religionis
1591 1782 1861 1825 christianae
1887 1781 1933 1824 in
1960 1782 2083 1825 dicto

393 1860 530 1901 regno
559 1850 846 1893 commodum
874 1856 1132 1907 procurant.
1164 1853 1238 1895 Ita
1266 1853 1600 1909 beneplacitum
1628 1857 1834 1895 nostrum
1862 1857 1907 1895 et
1935 1852 2084 1896 dictae

393 1917 512 1959 sedis
549 1917 652 1960 huic
691 1920 791 1975 piae
830 1935 936 1964 suae
975 1921 1218 1966 intentioni
1257 1925 1508 1967 affuturum
1547 1924 1641 1967 fore
1673 1924 1930 1973 confideret,
1964 1923 2084 1966 tradi

394 1991 439 2029 et
471 1989 653 2031 concedi
683 1991 844 2034 debere
873 1993 1047 2035 censuit
1078 1998 1124 2036 et
1153 1993 1387 2044 iudicavit,
1421 1999 1556 2051 prout
1586 1994 1632 2037 in
1662 1994 1756 2037 eius
1785 1993 1916 2050 regiis
1944 1993 2134 2039 literis25

394 2062 439 2099 et
464 2058 614 2101 forsan
637 2060 734 2104 aliis
756 2063 990 2119 scripturis
1013 2065 1204 2120 desuper
1226 2065 1442 2108 confectis
1465 2065 1640 2121 plenius
1662 2065 1828 2108 dicitur
1849 2064 2081 2108 contineri.

398 2129 495 2171 Etsi
534 2129 807 2175 inhaerendo
847 2134 1077 2178 voluntati
1116 2135 1257 2192 ipsius
1296 2136 1515 2193 Stephani
1555 2136 1668 2192 regis
1708 2135 1891 2179 ecclesia
1931 2135 2084 2179 Sancti

396 2200 614 2255 Stephani
653 2216 704 2244 ac
743 2203 805 2246 illi
845 2205 1059 2262 contigua
1098 2207 1259 2250 domus
1297 2207 1512 2263 regularis
1549 2207 1808 2249 huiusmodi
1847 2220 1899 2249 ac
1937 2206 1984 2249 in
2023 2206 2085 2249 eis

398 2284 560 2312 nomen
594 2277 639 2314 et
675 2274 983 2319 denominatio
1019 2277 1181 2320 domus
1214 2278 1450 2334 omnisque
1485 2279 1594 2321 ordo
1630 2278 1822 2324 fratrum
1857 2277 2085 2333 praedica-

397 2346 545 2384 torum
571 2357 622 2385 ac
645 2349 794 2388 status
816 2347 1010 2390 essentia
1032 2352 1077 2390 et
1100 2349 1403 2404 dependentia
1425 2349 1648 2405 regulares
1670 2352 1889 2405 perpetuo
1911 2347 2084 2404 suppri-
2099 2364 2135 2393 3ο

399 2417 625 2455 merentur
668 2420 714 2457 et
758 2417 1143 2472 extinguerentur,
1194 2433 1368 2462 necnon
1412 2421 1571 2462 hortus
1615 2419 1847 2475 praefatus
1891 2433 1918 2462 a
1962 2419 2085 2462 dicta

402 2484 711 2538 praepositura
744 2488 929 2531 Albensi
964 2489 1103 2532 etiam
1145 2495 1364 2546 perpetuo
1397 2490 1798 2533 dismembraretur
1829 2494 1874 2532 et
1908 2503 2086 2546 separa-

404 2558 536 2601 retur,
566 2554 716 2611 illique
744 2557 805 2600 sic
833 2560 1072 2615 suppressi,
1103 2561 1307 2610 extincti,
1337 2560 1650 2604 dismembrati
1676 2566 1721 2603 et
1749 2560 1945 2617 separati
1973 2560 2086 2602 eius-

403 2622 503 2664 dem
535 2624 772 2670 Societatis
802 2630 986 2686 collegio
1016 2631 1107 2673 iam
1138 2632 1197 2674 ab
1226 2631 1324 2687 ipso
1355 2632 1586 2688 Stephano
1616 2646 1716 2687 rege
1746 2631 1793 2673 in
1823 2630 2010 2673 civitate
2040 2635 2085 2673 et

404 2693 535 2735 domo
560 2697 748 2750 regulari
773 2701 990 2754 praefatis
1013 2701 1085 2757 pie
1109 2702 1321 2745 inchoato
1345 2702 1405 2745 ad
1428 2704 1654 2751 effectum,
1681 2706 1732 2744 ut
1756 2701 1802 2743 in
1827 2716 1878 2744 eo
1901 2700 2086 2744 iuvenes
2101 2718 2136 2745 35

403 2762 548 2805 dictae
610 2766 808 2812 civitatis
869 2772 1209 2828 vicinorumque
1258 2773 1458 2816 locorum
1506 2778 1606 2815 tum
1654 2772 1806 2814 literas
1855 2772 2086 2828 bonosque

406 2848 561 2882 mores,
594 2840 692 2879 tum
722 2840 975 2884 doctrinam
1004 2842 1297 2885 christianam
1327 2843 1587 2892 doceantur,
1628 2843 1818 2885 verbum
1847 2841 1930 2884 Dei
1960 2856 2086 2898 prae—

405 2905 578 2946 dicetur
604 2911 648 2948 et
676 2909 762 2951 alia
789 2911 863 2966 pia
889 2927 1025 2968 opera
1052 2927 1156 2968 erga
1182 2913 1440 2968 proximum
1467 2913 1596 2955 iuxta
1623 2913 1822 2955 eiusdem
1850 2912 2087 2956 Societatis

404 2975 628 3017 laudabile
683 2978 943 3025 institutum
999 2988 1292 3026 exerceantur
1346 2988 1391 3026 et
1447 2988 1666 3039 perpetuo
1721 2983 2084 3033 concederentur,

406 3047 748 3101 assignarentur,
780 3052 1114 3107 applicarentur
1141 3058 1186 3096 et
1215 3053 1628 3110 appropriarentur,
1659 3054 1900 3096 accedente
1928 3053 2137 3098 nihilo-40

406 3117 554 3159 minus
585 3120 854 3164 auctoritate
885 3129 1040 3166 nostra
1071 3139 1150 3180 pro
1182 3123 1382 3167 eiusdem
1413 3124 1583 3181 collegii
1614 3124 1829 3167 canonica
1859 3129 1904 3167 et
1936 3124 2088 3168 valida
