2188 3535
153 222 246 266 1581
281 219 366 264 jun.
403 220 441 263 2]
926 216 997 253 No.
1038 227 1081 263 52
1782 229 1846 261 141

149 335 515 380 communionem
547 350 574 378 a
605 335 735 378 nobis
767 335 916 378 adhuc
949 350 1039 378 non
1066 336 1410 393 astringuntur:
1460 342 1616 380 tamen
1648 336 1852 393 quotidie

150 407 336 451 missam
358 407 551 450 audiunt
573 421 666 449 una
687 420 791 449 cum
813 407 1014 457 caeteris,
1040 422 1206 463 magna
1227 422 1332 451 cum
1353 408 1505 465 quiete
1527 413 1573 451 et
1596 407 1853 450 devotionis

151 477 490 534 significatione.
521 477 648 521 Circa
673 477 794 520 idem
821 482 1003 533 tempus
1029 479 1423 521 communicarunt
1450 484 1548 522 tam
1575 479 1621 520 in
1648 478 1851 527 civitate,

151 563 291 605 quam
319 548 366 590 in
395 548 522 604 pagis
551 548 717 591 nostris
751 549 874 603 (nam
903 548 950 590 in
979 548 1164 604 singulis
1194 564 1272 592 sex
1302 549 1428 605 pagis
1456 550 1652 592 totidem
1681 549 1855 605 templa

105 638 123 666 5
151 620 385 674 habemus)
409 620 469 662 ad
488 632 598 662 1000
615 619 833 662 homines.
852 619 994 662 Albae
1012 620 1175 674 Juliae,
1193 620 1271 662 ubi
1289 627 1356 663 est
1374 622 1422 663 P.
1440 621 1641 675 Joannes
1657 620 1855 662 Lelesius

150 705 255 733 cum
289 691 337 733 P.
374 690 565 746 Georgio
598 691 752 739 Toros,
802 690 880 746 qui
927 690 1066 733 etiam
1099 692 1270 733 habent
1304 692 1528 747 templum
1562 691 1852 740 catholicum,

150 775 295 817 nuper
315 761 376 803 ad
397 761 566 804 festum
588 761 860 804 Nativitatis
883 761 1068 804 Domini
1091 776 1117 804 a
1138 762 1340 818 principe
1361 777 1636 811 concessum,
1662 761 1854 804 confessi
1868 774 1954 800 Deez.
1976 781 2021 806 25.

149 837 256 874 sunt
285 837 331 875 et
360 832 755 875 communicarunt
785 832 845 874 ad
875 845 970 875 100.
1004 833 1161 875 Patres
1190 833 1333 875 nostri
1362 833 1540 882 novicii,
1566 833 1676 875 dum
1698 846 1854 875 excur-

149 908 298 945 rerent
329 903 376 945 in
406 903 618 959 patriam,
656 917 796 959 quam
825 903 1039 946 Siculiam
1070 903 1240 954 dicunt,
1275 904 1442 947 multos
1474 903 1719 947 catholicos
1751 917 1853 946 con-

103 975 403 1024 1ofirmarunt‚
430 974 731 1018 confessiones
759 974 928 1017 multas
962 978 1235 1030 exceperunt
1269 980 1314 1017 et
1348 974 1517 1017 multos
1550 974 1854 1017 communica-

150 1050 256 1087 runt
278 1059 287 1095 ;
314 1045 553 1088 haereticis
579 1050 734 1088 autem
759 1045 977 1088 ministris
1007 1046 1126 1100 (licet
1152 1045 1295 1087 nostri
1319 1045 1395 1087 isti
1420 1045 1586 1087 novicii
1612 1051 1718 1086 sunt
1744 1045 1854 1087 satis

150 1116 337 1171 indocti)
360 1130 525 1171 magno
544 1115 703 1159 terrori
721 1116 918 1158 fuerunt.
941 1116 995 1158 In
1013 1130 1192 1158 summa
1213 1130 1219 1157 :
1242 1115 1397 1158 messis
1415 1116 1574 1164 multa,
1596 1120 1644 1157 at
1663 1115 1855 1170 operarii

151 1186 296 1242 pauci.
325 1188 550 1230 Petebant
576 1187 712 1230 Siculi
740 1188 862 1241 (sunt
887 1187 1008 1229 enim
1031 1186 1094 1228 ibi
1118 1187 1267 1229 adhuc
1290 1186 1424 1228 multi
1444 1185 1687 1239 catholici),
1707 1191 1758 1227 ut
1781 1199 1855 1227 eos

153 1258 292 1300 etiam
332 1258 592 1301 iuvaremus
632 1263 678 1300 et
719 1257 779 1300 ad
818 1271 892 1299 eos
931 1256 1162 1299 interdum
1203 1269 1567 1299 excurreremus:
1612 1270 1770 1298 verum
1810 1255 1857 1298 id

104 1351 138 1379 15
150 1329 371 1372 hactenus
402 1329 547 1372 facere
579 1343 670 1371 non
700 1328 946 1383 potuimus.

284 1400 384 1443 Iam
411 1405 514 1456 post
541 1399 755 1455 principis
782 1404 978 1441 mortem
1005 1398 1115 1454 quid
1141 1398 1199 1440 sit
1228 1399 1448 1447 futurum,
1482 1397 1718 1440 nescimus.
1750 1397 1856 1453 Spe-

151 1484 305 1514 ramus
335 1476 492 1513 tamen
522 1470 569 1512 in
599 1469 810 1519 Domino,
845 1469 969 1525 quod
1000 1469 1128 1511 dabit
1161 1483 1265 1512 cum
1287 1469 1543 1511 tentatione
1566 1473 1855 1524 proventum,

151 1547 204 1583 ut
238 1540 463 1597 possimus
497 1541 730 1583 sustinere.
770 1540 982 1596 Cogimur
1015 1540 1101 1590 hic,
1139 1540 1256 1582 sicut
1291 1540 1337 1582 in
1374 1540 1519 1589 India,
1556 1540 1857 1595 parochorum

152 1625 340 1655 munera
356 1612 492 1662 obire,
510 1626 615 1655 cum
633 1612 809 1654 nullum
825 1611 883 1653 sit
902 1611 1026 1654 aliud
1043 1611 1268 1667 templum
1283 1611 1558 1654 catholicum
1578 1627 1585 1654 :
1609 1610 1855 1666 baptizare,

105 1682 445 1732 20matrimonia
494 1683 777 1738 coniungere,
830 1682 990 1725 missas
1040 1687 1238 1732 cantare,
1291 1682 1451 1724 funera
1501 1681 1721 1724 deducere
1771 1686 1855 1723 etc.

153 1754 372 1798 Catholici
409 1755 586 1797 nullum
624 1754 764 1796 alium
800 1754 973 1796 habent
1010 1753 1161 1796 locum
1198 1754 1471 1810 sepulturae,
1511 1752 1597 1794 nisi
1634 1752 1859 1808 templum

152 1830 359 1868 nostrum
391 1831 437 1868 et
469 1825 765 1882 perexiguum
797 1825 1119 1867 coemeterium
1150 1824 1214 1867 illi
1247 1839 1489 1867 annexum.
1523 1823 1746 1866 Volebam
1778 1837 1858 1878 ego

152 1896 402 1952 prohibere,
437 1911 492 1939 ne
524 1896 597 1939 hic
629 1895 920 1952 sepeliantur,
953 1896 1085 1938 iuxta
1117 1896 1350 1938 decretum
1383 1895 1522 1937 trium
1551 1894 1858 1950 congregatio-

152 1981 276 2017 num,
300 1968 380 2010 sed
400 1967 533 2010 valde
556 1982 608 2010 ea
628 1981 674 2009 re
695 1966 865 2010 offendi
885 1972 1145 2023 coeperunt.
1172 1967 1336 2023 Itaque
1357 1965 1504 2009 coacti
1525 1979 1682 2008 sumus
1704 1965 1859 2007 cedere

105 2038 239 2086 25illis
279 2038 339 2081 ad
378 2042 588 2095 tempus:
631 2039 772 2080 donec
800 2043 846 2080 et
874 2038 937 2080 illi
964 2038 1115 2080 locum
1147 2037 1345 2094 aliquem
1376 2037 1636 2093 sepulturae
1677 2036 1858 2078 invene-

153 2109 245 2151 rint
291 2114 336 2151 et
380 2110 523 2152 nostri
559 2124 586 2152 a
626 2108 893 2165 provinciali
938 2123 1016 2151 seu
1061 2109 1298 2151 visitatore
1344 2108 1399 2151 de
1445 2107 1655 2150 omnibus
1701 2106 1860 2149 melius

155 2180 366 2222 instructi
385 2180 566 2223 fuerint.
590 2181 650 2223 Et
671 2180 779 2235 quia
796 2180 889 2222 iam
908 2180 1040 2236 plura
1058 2194 1149 2222 non
1168 2184 1424 2228 occurrunt,
1446 2178 1517 2220 hic
1537 2177 1644 2220 finio
1667 2191 1674 2219 :
1698 2190 1859 2232 meque

156 2265 260 2293 cum
281 2251 366 2293 hoc
388 2251 632 2307 collegiolo‚
651 2265 743 2292 non
764 2256 862 2293 tam
883 2250 931 2292 in
953 2250 1099 2300 India,
1118 2265 1257 2306 quam
1278 2250 1397 2291 inter
1415 2248 1587 2291 medios
1609 2247 1860 2290 haereticos

157 2335 322 2378 eosque
348 2322 566 2378 pessimos
594 2321 756 2377 posito.
789 2322 843 2364 R.
874 2322 923 2363 P.
953 2322 1077 2364 Tuae
1105 2326 1150 2363 et
1179 2320 1383 2363 omnium
1410 2324 1592 2361 nostrae
1621 2317 1860 2360 Societatis

106 2393 326 2440 3osanctis
357 2392 584 2435 sacrificiis
615 2398 660 2435 et
692 2391 974 2434 orationibus
1004 2392 1255 2434 humillime
1286 2389 1568 2433 commendo.

290 2463 572 2520 Claudiopoli
599 2462 968 2518 Transylvaniae,
1001 2475 1038 2504 2.
1070 2462 1209 2516 Junii.
1240 2463 1372 2503 Anno
1401 2460 1586 2503 Domini
1616 2459 1740 2513 1581.

290 2535 438 2577 Hodie
469 2534 622 2590 accepi
651 2534 817 2582 literas,
867 2538 980 2588 puto
1011 2533 1082 2575 vel
1114 2547 1140 2574 a
1172 2534 1225 2575 R.
1260 2533 1308 2574 P.
1341 2532 1440 2574 Tua
1469 2531 1542 2573 vel
1572 2544 1599 2573 a
1629 2531 1677 2572 P.
1712 2529 1860 2585 Magio

159 2605 218 2647 ad
254 2611 462 2648 nostrum
499 2605 749 2661 principem
787 2604 879 2646 iam
917 2603 1185 2646 defunctum
1223 2602 1395 2645 missas.
1437 2603 1527 2644 Eas
1566 2606 1722 2643 tamen
1760 2600 1861 2643 misi

158 2676 324 2719 Albam
348 2677 408 2719 ad
430 2677 478 2719 P.
506 2676 742 2724 Lelesium,
768 2680 820 2717 ut
844 2674 907 2716 illi
931 2675 1192 2723 offerantur,
1220 2673 1292 2716 cui
1315 2678 1360 2715 et
1384 2672 1498 2715 aliae
1522 2671 1688 2715 similes
1712 2670 1861 2714 offerri

111 2766 146 2794 35
159 2747 306 2789 solent
336 2748 422 2789 hoc
452 2752 669 2803 tempore.

293 2818 585 2861 Reverendae
608 2819 656 2861 P.
681 2818 804 2860 Tuae
839 2816 957 2858 filius
991 2815 1202 2871 indignus
1224 2820 1269 2857 et
1291 2828 1447 2857 servus
1482 2814 1529 2856 in
1551 2813 1728 2857 Christo
1751 2813 1861 2868 Jesu

1129 2897 1330 2952 Jacobus
1360 2896 1656 2952 Vagrovicius
1687 2909 1800 2951 mpr.

289 3017 501 3058 Kiilczime
521 3031 534 3057 .·
579 3017 824 3056 Admodum
870 3011 947 3056 Rd0
981 3016 1023 3055 in
1059 3015 1223 3055 Christo
1265 3014 1378 3065 patri
1409 3019 1568 3060 nostro,
1606 3014 1652 3053 P.
1688 3012 1863 3052 Claudio

161 3078 448 3130 Aquaevivae,
487 3077 728 3129 praeposito
765 3076 948 3129 generali
986 3074 1206 3115 Societatis
1246 3073 1361 3124 Jesu.
1402 3074 1576 3113 Romae.

113 3188 150 3216 40
440 3175 632 3219 (Eredeti‚
660 3175 882 3221 sajatkezi'i‚
912 3186 936 3210 a
963 3172 1257 3220 Jezsuita-rend
1282 3171 1586 3214 leveltaraban.)
