2188 3535
124 155 222 199 1576
242 153 365 196 szept.
395 152 454 196 13]
886 157 962 191 No.
998 167 1042 201 14
1767 158 1812 193 45

122 275 168 312 et
194 269 426 312 seditionis
453 270 648 313 defensa.
679 272 948 317 Gratulatur
978 270 1214 316 Pannonia
1240 273 1408 317 nostra,
1439 266 1564 323 quod
1590 271 1660 309 tot
1689 266 1818 308 annis

124 341 182 383 ab
210 340 445 383 haereticis
475 346 519 382 et
549 342 736 397 paganis
758 345 845 386 heu
867 346 1027 387 misere
1050 355 1278 399 oppressa,
1310 353 1429 381 nunc
1459 338 1505 379 in
1535 342 1580 379 te
1610 337 1821 379 videatur

124 411 400 459 reviviscere,
427 412 618 454 exaltari
642 418 686 454 et
711 412 757 456 in
781 429 910 470 spem
934 415 1100 463 venire,
1126 412 1211 455 sibi
1235 423 1429 467 quoque,
1460 407 1554 463 (ubi
1577 422 1714 463 regna
1738 412 1820 449 tua

124 482 407 536 stabiliveris)
465 488 624 525 contra
658 489 878 541 utrosque
915 485 1056 528 animi
1099 489 1144 526 et
1180 481 1377 537 corporis
1412 480 1564 522 hostes
1601 479 1822 521 auxilium

70 573 91 601 5
123 555 246 596 Tuae
266 554 292 595 ll
315 548 350 573 ΗΞ
379 567 470 595 non
495 553 778 598 defuturum.
802 557 1072 599 Gratulatur
1093 555 1276 597 demum
1292 550 1576 607 praepositus
1592 550 1821 592 Generalis

125 624 267 666 nostri
307 623 474 666 ordinis
515 638 618 666 cum
659 630 763 668 tota
804 627 1030 669 Societate
1070 630 1227 667 nostra
1266 628 1311 665 et
1352 625 1575 677 precatur,
1618 624 1671 661 ut
1711 621 1821 662 haec

124 694 320 750 dignitas
369 689 453 736 Mtis
499 695 622 737 Tuae
668 696 794 746 bene,
835 697 998 745 fauste,
1047 708 1269 752 prospere,
1309 692 1587 746 feliciterque
1624 691 1817 734 eveniat.

133 765 220 821 Qui
247 766 392 807 Tuam
421 763 528 807 Mtem
541 765 669 808 enixe
711 773 855 822 rogat,
887 773 939 809 ut
969 766 1155 822 collegia
1182 769 1440 807 nostrorum
1470 761 1675 809 fratrum,
1707 775 1823 816 quae

125 840 231 878 sunt
252 836 298 877 in
321 836 520 885 Polonia,
546 837 727 880 Prussia
748 843 793 880 et
819 838 1065 881 Lithuania
1086 837 1170 879 sub
1197 835 1391 877 tutelam
1418 846 1548 874 suam
1575 836 1619 873 et
1649 838 1823 886 protec-

74 921 110 950 10
126 906 296 949 tionem
321 907 544 962 suscipere
570 907 693 957 velit,
723 923 813 964 quo
842 909 1024 951 liberius
1050 913 1095 950 et
1121 905 1318 949 securius
1343 908 1495 959 patres
1521 902 1663 944 nostri
1688 903 1823 944 fidem

126 977 408 1026 catholicam,
439 978 485 1019 in
513 979 757 1033 provinciis
798 981 924 1022 Tuae
952 974 1037 1021 Mtis
1075 976 1288 1020 subiectis
1315 987 1562 1029 proponere
1591 977 1635 1013 et
1664 987 1824 1027 propa-

125 1063 242 1103 gare,
275 1049 512 1104 Deumque
544 1064 624 1104 pro
648 1051 793 1092 salute
831 1056 876 1092 et
909 1049 1221 1092 incolumitate
1252 1046 1375 1087 Tuae
1408 1038 1492 1084 Mus
1535 1047 1580 1084 et
1613 1043 1824 1084 Poloniae

126 1119 466 1161 conservatione
497 1134 680 1162 exorare
712 1121 903 1176 possint.
938 1121 1140 1174 Cumque
1170 1118 1270 1159 Tua
1301 1114 1514 1156 Maiestas
1544 1126 1647 1153 cum
1678 1113 1825 1155 fortis-

125 1189 238 1232 simo
272 1190 411 1243 Josue
443 1190 644 1245 gladium
667 1196 827 1233 contra
859 1192 1012 1232 hostes
1045 1187 1202 1245 populi
1236 1185 1319 1228 Dei
1353 1182 1591 1231 eduxerit;
1627 1182 1689 1223 illi
1723 1197 1825 1225 cum

76 1270 112 1299 15
126 1260 364 1302 mitissimo
392 1261 546 1316 Moyse
574 1275 737 1303 manus
764 1261 810 1302 in
838 1261 1041 1303 oratione
1069 1259 1129 1302 ad
1156 1260 1305 1300 Deum
1333 1269 1414 1310 pro
1443 1252 1644 1295 exercitu
1672 1258 1752 1295 tuo
1780 1254 1827 1295 in

126 1331 299 1373 coelum
332 1332 593 1373 extendent.
646 1331 807 1386 Sicque
841 1332 932 1381 fiet,
973 1336 1024 1372 ut
1069 1327 1322 1372 arctissimo
1365 1323 1603 1367 charitatis
1646 1323 1826 1365 vinculo

127 1406 171 1443 et
199 1402 376 1444 foedere
403 1401 627 1443 amicitiae
649 1401 861 1457 copulati,
887 1401 1056 1456 ubique
1080 1399 1269 1442 feliciter
1295 1394 1507 1452 pugnetis
1534 1398 1579 1436 et
1608 1394 1826 1449 amplissi-

126 1486 224 1514 mos
275 1472 329 1514 de
381 1472 647 1514 adversariis
700 1472 954 1527 triumphos
1005 1469 1262 1526 reportetis.
1316 1466 1589 1509 Gratulatur
1640 1465 1826 1507 tandem

129 1543 339 1585 Summus
362 1542 568 1597 pontifex
592 1557 696 1584 cum
720 1547 819 1585 toto
843 1542 1142 1584 cardinalium
1165 1538 1364 1593 collegio,
1391 1550 1585 1592 quorum
1625 1535 1828 1577 omnium

77 1626 114 1656 20
129 1613 183 1655 de
207 1614 305 1655 Tua
332 1613 408 1654 Mte
444 1628 610 1669 magna
648 1618 715 1655 est
754 1613 1025 1669 expectatio,
1065 1613 1212 1654 Tuam
1239 1608 1347 1652 Mtem
1383 1622 1475 1649 non
1500 1607 1645 1648 solum
1670 1612 1828 1648 contra

130 1684 342 1726 Tartaros
385 1689 430 1726 et
473 1685 644 1726 Turcas
684 1699 866 1726 murum
909 1681 1255 1726 christianitatis
1299 1681 1522 1726 futurum,
1568 1677 1647 1719 sed
1689 1676 1827 1718 etiam

133 1760 290 1797 contra
315 1755 509 1810 perfidos
533 1755 795 1804 haereticos,
824 1755 929 1797 fidei
954 1754 1203 1797 catholicae
1229 1748 1649 1794 constantissimum
1676 1747 1826 1789 defen-

131 1840 287 1868 sorem.
319 1827 467 1881 Quare
489 1826 648 1881 gaude,
674 1840 752 1868 rex
775 1825 1074 1874 Serenissime‚
1102 1824 1186 1867 Dei
1210 1824 1298 1865 isto
1324 1827 1420 1863 tam
1446 1818 1682 1861 excellenti
1709 1818 1828 1860 dono

133 1902 177 1938 et
196 1911 314 1945 cura,
335 1901 386 1938 ut
406 1897 627 1939 bonorum
645 1896 849 1939 omnium
867 1896 1069 1952 largitori
1087 1895 1264 1938 Christo
1283 1907 1363 1948 pro
1381 1891 1630 1947 gratiarum
1652 1889 1828 1931 actione

80 1980 117 2008 25
131 1967 346 2010 sacrificia
368 1967 413 2009 in
437 1967 617 2023 templis
640 1969 890 2010 offerantur
912 1972 958 2009 et
981 1981 1134 2022 preces
1158 1965 1335 2008 assidue
1360 1962 1622 2005 fundantur.
1676 1960 1828 2014 Ingra-

132 2038 282 2081 titudo
307 2038 426 2080 enim
452 2039 627 2081 fontem
653 2038 874 2081 bonitatis
891 2043 935 2080 et
952 2036 1281 2080 misericordiae
1308 2034 1392 2077 Dei
1417 2032 1613 2075 exsiccat
1634 2046 1642 2081 ;
1675 2035 1830 2085 gratus

134 2123 239 2151 vero
263 2109 439 2151 animus
460 2114 660 2151 meretur
682 2109 887 2164 pluribus
910 2113 954 2151 et
977 2107 1223 2150 maioribus
1247 2105 1375 2148 donis
1398 2101 1630 2145 cumulari.
1657 2100 1830 2142 Deinde

135 2179 277 2222 fruere
304 2184 404 2222 tum
431 2180 583 2235 gloria,
614 2185 714 2222 tuin
744 2179 980 2235 dignitate,
1011 2179 1069 2221 ad
1096 2192 1235 2233 quam
1263 2178 1385 2218 Deus
1429 2179 1475 2215 te
1502 2171 1699 2219 vocavit,
1730 2175 1830 2212 tum

134 2250 271 2292 etiam
291 2255 457 2293 natura
476 2255 521 2292 et
541 2250 839 2306 integerrimis
862 2249 1062 2292 moribus
1083 2248 1187 2296 tuis,
1211 2262 1266 2289 ex
1287 2260 1377 2301 quo
1398 2243 1583 2300 quidem
1603 2240 1829 2283 maximus

83 2335 121 2362 30
136 2325 202 2363 est
235 2321 420 2371 fructus,
455 2321 805 2376 iucunditasque
838 2320 1033 2375 sapienti
1065 2324 1109 2361 et
1143 2319 1240 2360 viro
1273 2316 1392 2358 forti.

250 2393 437 2434 Caetera
456 2407 558 2434 cum
581 2396 663 2433 tua
691 2391 982 2433 recordabere
1004 2395 1049 2432 et
1071 2390 1107 2431 si
1128 2401 1342 2444 persaepe
1363 2384 1538 2432 virtuti,
1563 2388 1717 2425 tamen
1739 2382 1829 2437 ple-

136 2476 323 2518 rumque
347 2462 552 2504 felicitati
574 2466 680 2504 tuae
703 2466 747 2503 et
772 2461 952 2503 divinae
975 2475 1080 2515 erga
1101 2465 1146 2501 te
1167 2455 1431 2500 liberalitati
1451 2469 1502 2497 ac
1519 2452 1831 2509 providentiae

136 2534 516 2588 congratulabere.
559 2533 762 2587 Cumque
799 2532 945 2573 Tuam
970 2532 1077 2572 ΜΣΕΠἸ
1112 2528 1367 2572 authoritas
1391 2525 1612 2568 nobilium
1637 2528 1682 2566 et
1707 2537 1832 2579 prae-

137 2603 331 2646 latorum
353 2604 564 2646 Poloniae
586 2603 645 2645 ad
664 2603 833 2658 regiam
853 2601 1124 2657 dignitatem
1145 2598 1410 2646 accersierit,
1434 2600 1619 2638 senatus
1640 2594 1832 2636 advoca-

87 2674 265 2724 35verit,
304 2675 498 2730 populus
535 2674 743 2730 precibus
780 2687 807 2715 a
844 2674 940 2715 Deo
977 2670 1246 2727 impetrarit,
1287 2667 1475 2711 Polonia
1511 2666 1705 2721 denique
1744 2664 1834 2706 fere

141 2748 238 2787 tota
260 2745 351 2787 suis
374 2760 487 2801 pene
510 2744 709 2787 humeris
732 2744 779 2785 in
802 2757 990 2798 regnum
1014 2740 1331 2789 introduxerit,
1358 2739 1417 2781 da
1439 2751 1640 2793 operam,
1667 2749 1834 2791 quaeso

139 2828 217 2857 rex
239 2815 545 2864 invictissime,
570 2820 623 2857 ut
648 2829 794 2870 neque
818 2814 863 2855 in
887 2813 1081 2855 consiliis
1105 2827 1185 2868 pro
1218 2810 1342 2866 regni
1373 2809 1573 2851 utilitate
1598 2805 1835 2862 capiundis

141 2884 397 2941 diligentia;
432 2901 577 2942 neque
610 2886 656 2927 in
688 2884 895 2941 periculis
928 2898 955 2926 a
983 2884 1151 2939 populo
1180 2887 1260 2925 tuo
1290 2878 1605 2937 propulsandis
1629 2877 1833 2923 animus,

141 2969 284 3011 neque
309 2957 355 2999 in
381 2957 665 3000 defendenda
690 2956 778 2998 fide
804 2953 1028 2997 catholica
1049 2952 1335 3001 constantia;
1364 2964 1510 3006 neque
1531 2949 1578 2990 in
1600 2947 1835 2990 hominurn

91 3027 454 3070 40voluntatibus
482 3043 562 3084 pro
590 3028 758 3070 honore
787 3026 871 3068 Dei
898 3024 1128 3067 laedendis
1156 3024 1368 3072 libertas;
1398 3035 1479 3063 nec
1502 3020 1548 3061 in
1571 3015 1835 3074 perferendo

141 3095 303 3147 labore,
338 3098 587 3149 industria;
623 3112 704 3140 nec
731 3097 777 3138 in
806 3095 1141 3152 provinciarum
1175 3092 1423 3137 commodis
1457 3088 1674 3145 augendis
1706 3090 1837 3142 grata
