2188 3535
141 203 230 238 1571
264 195 368 232 decz.
404 199 465 242 14]
915 207 990 242 No.
1023 220 1044 245 2
1809 231 1827 264 3

958 399 999 441 2.

591 510 841 562 Kolozsvdr,
876 527 990 570 1571
1021 518 1255 563 deczember
1285 535 1354 576 14.

119 609 315 664 Bathory
337 612 487 654 Istvan
514 615 740 666 fejedelem
766 620 810 660 Ρ.
832 622 999 674 Maggio
1016 624 1191 666 Lorincz
1207 630 1407 670 ausztriai
1426 633 1823 683 provinczialisnak.

246 706 282 744 A
306 706 540 748 katholikus
562 712 714 762 egyha‘z
739 714 922 767 cillapota
945 718 1213 772 elhanyagolt.
1240 722 1578 776 Felvz‘ra'gza‘sa'ra
1602 741 1621 767 s
1646 742 1670 767 a
1693 729 1826 769 hitalet

92 763 372 815 5sejleszteise're
393 767 494 814 leciri,
524 770 664 822 ktzldje
694 772 738 811 be
767 774 816 813 P.
847 775 999 817 Sza'nto‘
1027 779 1188 820 Istva'nt
1216 782 1278 821 ke't
1305 785 1497 825 tdrsa'val.
1676 782 1686 784 s

246 867 511 911 Reverende
535 870 720 915 domine
744 875 887 918 amice
910 878 1041 921 nobis
1064 881 1356 926 observande.
1384 885 1587 929 Salutem
1610 892 1655 929 et
1679 890 1823 931 nostri

118 935 387 980 benevolam
422 943 884 989 commendationem.

243 1008 468 1052 Ecclesias
506 1012 637 1055 istius
677 1017 938 1070 provinciae
978 1021 1102 1064 miris
1140 1024 1287 1066 modis
1326 1039 1419 1068 esse
1459 1027 1736 1072 deformatas
1774 1037 1819 1073 et

115 1090 197 1118 nos
232 1093 397 1135 magno
428 1082 569 1125 animi
604 1085 756 1128 dolore
793 1089 1034 1140 afficimur,
1058 1097 1103 1134 et
1139 1094 1268 1136 vobis
1303 1103 1591 1152 perspectum
1626 1100 1815 1144 scimus:

68 1160 102 1187 ιο
115 1161 228 1203 quas
259 1150 502 1195 reformare
534 1159 580 1196 et
614 1157 847 1201 ministros
877 1162 1300 1221 praedicatoresque
1332 1169 1578 1211 catholicos
1609 1171 1820 1215 reducere

113 1232 398 1276 summopere
427 1224 750 1270 desideramus.
782 1231 885 1271 Non
912 1236 1068 1274 tamen
1095 1234 1188 1276 sine
1216 1236 1385 1279 auxilio
1412 1239 1590 1293 piorum
1619 1241 1819 1286 virorum

112 1289 223 1332 illud
263 1298 493 1347 praestare
535 1297 802 1351 poterimus,
847 1315 951 1344 cum
993 1317 1150 1346 omnes
1191 1320 1246 1348 ex
1287 1308 1371 1350 hoc
1414 1323 1550 1365 regno
1591 1312 1818 1368 profligati

112 1362 393 1416 superiorum
443 1370 705 1422 temporum
758 1375 1033 1426 tempestate
1084 1375 1265 1420 tuerint.
1320 1380 1407 1421 Sed
1457 1382 1673 1436 quoniam
1723 1385 1817 1427 sine

112 1433 314 1476 tumultu
343 1436 633 1491 popularium
663 1441 837 1494 passim
867 1443 1015 1486 adhuc
1046 1447 1198 1489 reduci
1229 1464 1320 1491 non
1349 1451 1537 1506 possint,
1571 1455 1817 1498 statuimus

62 1514 96 1541 15
109 1501 156 1543 in
182 1504 509 1558 patrimonium
536 1510 776 1564 proprium
795 1511 811 1536 ²
840 1527 915 1556 eos
943 1516 1141 1570 primum
1168 1519 1328 1570 locare,
1358 1522 1437 1564 ubi
1465 1523 1568 1566 licet
1596 1526 1816 1569 hactenus

108 1575 370 1618 successivis
400 1591 578 1634 semper
608 1583 896 1638 temporibus
927 1587 1086 1630 eadem
1118 1595 1251 1633 vetus
1282 1593 1435 1648 religio
1467 1594 1525 1636 sit
1558 1597 1812 1647 observata,

106 1657 158 1685 ac
195 1658 314 1688 nunc
351 1663 532 1705 quoque
570 1651 728 1695 :fratris
764 1655 940 1698 Alberti
977 1659 1146 1702 ordinis
1184 1662 1500 1708 Minoritarum
1537 1667 1732 1710 hominis
1768 1674 1813 1710 et

111 1714 330 1767 doctrina,
372 1724 418 1761 et
457 1721 660 1765 moribus
701 1738 843 1781 aeque
882 1727 1100 1772 laudandi
1139 1734 1421 1777 authoritate
1461 1738 1810 1790 contineantur;

111 1786 190 1828 sed
213 1788 321 1844 quia
342 1795 469 1833 aetas
490 1793 640 1836 senilis
658 1795 674 1820 2
705 1809 757 1838 ac
789 1799 970 1841 crebrae
1003 1801 1098 1843 eius
1121 1804 1425 1859 aegritudines
1456 1822 1560 1851 eum
1592 1823 1618 1851 a
1650 1824 1811 1866 propo-

65 1857 199 1900 2osito
228 1868 507 1913 removeant,
539 1864 805 1922 priusquam
835 1869 898 1911 illi
929 1872 1043 1913 mori
1073 1875 1321 1931 contingat,
1355 1879 1686 1932 providendum
1717 1896 1810 1923 esse

111 1931 335 1973 consuluit
367 1932 501 1976 idem.
537 1935 713 1979 Scimus
745 1944 902 1983 autem
935 1947 1135 1987 vestram
1159 1946 1446 1999 Societatem,
1471 1965 1610 2006 quam
1643 1952 1701 1994 sit
1733 1953 1810 2008 pia

110 2004 247 2056 atque
282 2009 496 2060 prompta
531 2007 592 2048 ad
626 2008 881 2054 docendum
917 2027 968 2055 ac
1003 2016 1360 2069 praedicandum
1395 2022 1586 2064 verbum
1621 2023 1718 2073 Dei,
1755 2029 1808 2066 ut

109 2071 219 2113 nulli
258 2087 462 2130 unquam
501 2078 789 2123 vocationem
831 2096 975 2133 suam,
1004 2088 1233 2141 quomodo
1273 2095 1354 2132 aut
1396 2096 1528 2142 terra,
1572 2099 1653 2135 aut
1693 2094 1807 2137 mari

106 2144 319 2196 potuerit,
363 2147 656 2192 abdicaverit.
701 2151 876 2195 Scimus
917 2155 1071 2206 etiam,
1098 2173 1238 2214 quam
1278 2161 1407 2217 longe
1447 2163 1628 2219 lateque
1668 2165 1804 2208 fidem

59 2214 377 2259 25catholicam
426 2218 789 2265 disseminaverit
839 2230 884 2266 et
933 2241 1047 2282 quos
1096 2228 1271 2272 fructus
1319 2233 1596 2287 produxerit.
1656 2237 1804 2292 Quare

105 2283 156 2326 V.
200 2287 254 2328 R.
298 2288 669 2334 Dominationem
709 2294 908 2348 petimus
948 2298 1165 2342 maiorem
1205 2300 1251 2343 in
1291 2304 1492 2354 modum,
1534 2310 1587 2346 ut
1627 2311 1805 2349 nostras

104 2368 283 2412 quoque
321 2360 529 2403 ecclesias
566 2363 783 2406 adiuvare
821 2367 960 2418 velit;
1000 2368 1048 2410 id
1084 2371 1182 2420 erit,
1223 2372 1259 2413 si
1296 2373 1470 2430 aliquot
1508 2375 1715 2420 doctores
1751 2392 1803 2419 ac

103 2427 438 2480 praedicatores
459 2431 505 2473 in
525 2433 642 2475 hanc
663 2435 945 2489 provinciam
966 2440 1150 2483 miserit.
1174 2443 1452 2487 Venerabilis
1472 2446 1520 2488 P.
1545 2447 1803 2503 Stephanus

103 2497 267 2541 Arator
291 2501 530 2556 scripserat
555 2504 615 2546 ad
640 2519 722 2547 nos
748 2506 1043 2560 familiariter,
1072 2512 1144 2553 cui
1169 2515 1483 2569 respondimus
1502 2519 1519 2544 3
1543 2522 1588 2559 et
1613 2518 1660 2561 in
1684 2521 1801 2562 hanc

55 2574 91 2602 ³⁰
102 2568 380 2622 provinciam
416 2572 727 2618 invitavimus.
767 2579 902 2621 Hunc
937 2594 1080 2625 unum
1116 2597 1220 2627 cum
1256 2584 1433 2629 duobus
1466 2588 1526 2631 ad
1560 2589 1801 2633 minimum

101 2638 199 2682 aliis
230 2641 360 2685 sociis
393 2643 539 2686 doctis
572 2659 624 2687 ac
656 2646 755 2702 piis,
791 2654 843 2690 ut
876 2650 936 2692 ad
969 2665 1050 2694 nos
1083 2653 1129 2695 in
1161 2656 1278 2698 hanc
1311 2658 1592 2712 provinciam
1625 2661 1797 2710 mittat,

101 2722 190 2752 non
215 2713 352 2756 modo
376 2715 429 2757 V.
460 2716 514 2758 R.
544 2717 916 2763 Dominationem
942 2736 1165 2778 rogamus,
1194 2727 1273 2769 sed
1298 2728 1438 2772 etiam
1465 2732 1794 2775 contendimus.

108 2780 238 2835 Quod
273 2786 545 2840 quantocius
580 2790 846 2843 praestabit,
885 2796 1018 2836 tanto
1054 2800 1100 2837 et
1136 2798 1266 2840 nobis
1300 2800 1488 2854 gratius,
1519 2807 1565 2845 et
1587 2804 1797 2846 ecclesiae

100 2853 345 2897 catholicae
381 2857 625 2900 salutarius
661 2859 809 2903 faciet.
859 2864 927 2905 De
969 2864 1051 2915 his,
1097 2882 1213 2922 quae
1250 2870 1309 2912 ad
1345 2879 1651 2917 commeatum
1699 2889 1796 2930 per-

52 2921 244 2967 ³5tinent
272 2930 317 2967 et
343 2932 546 2971 caeteras
571 2944 654 2980 res,
682 2932 954 2976 mandatum
980 2939 1206 2990 praesenti
1232 2946 1387 2984 nostro
1408 2944 1572 2986 nuncio
1589 2945 1796 2988 dedimus

224 3060 238 3082 ²
265 3059 440 3108 Somlyo,
469 3076 493 3099 a
518 3067 599 3101 mai
625 3067 953 3117 Szilagysomlyo.

223 3119 237 3140 ²
260 3119 500 3167 Nagyfalusi
526 3125 669 3161 Albert
695 3129 782 3163 mar
813 3132 1006 3174 1542-ben
1031 3133 1189 3181 kusalyi
1217 3137 1412 3182 guardian
1437 3150 1456 3174 s
1481 3140 1547 3185 igy
1574 3143 1679 3174 most
1705 3140 1791 3185 eleg

95 3172 186 3218 &reg
210 3174 389 3213 lehetett.
473 3181 487 3202 ³
517 3181 696 3218 Kozolve
724 3185 857 3220 elc'sbbi
890 3198 921 3222 1.
948 3198 1001 3223 sz.
1032 3201 1067 3225 a.

1606 3268 1644 3302 Ι*
