<?xml version="1.0" encoding="UTF-8"?>
<!DOCTYPE html PUBLIC "-//W3C//DTD XHTML 1.0 Transitional//EN"
    "http://www.w3.org/TR/xhtml1/DTD/xhtml1-transitional.dtd">
<html xmlns="http://www.w3.org/1999/xhtml" xml:lang="en" lang="en">
 <head>
  <title>
</title>
<meta http-equiv="Content-Type" content="text/html;charset=utf-8" />
  <meta name='ocr-system' content='tesseract 3.04.00' />
  <meta name='ocr-capabilities' content='ocr_page ocr_carea ocr_par ocr_line ocrx_word'/>
</head>
<body>
  <div class='ocr_page' id='page_1' title='image "./epistolaeetactaj01vereuoft_0108.png"; bbox 0 0 2188 3535; ppageno 0'>
   <div class='ocr_carea' id='block_1_1' title="bbox 336 252 2043 328">
    <p class='ocr_par' dir='ltr' id='par_1_1' title="bbox 336 252 2043 328">
     <span class='ocr_line' id='line_1_1' title="bbox 336 252 2043 328; baseline -0.025 -2"><span class='ocrx_word' id='word_1_1' title='bbox 336 292 385 328; x_wconf 87' lang='lat'>66</span> <span class='ocrx_word' id='word_1_2' title='bbox 1109 267 1185 301; x_wconf 85' lang='lat' dir='ltr'>No.</span> <span class='ocrx_word' id='word_1_3' title='bbox 1220 275 1269 301; x_wconf 89' lang='lat'>20</span> <span class='ocrx_word' id='word_1_4' title='bbox 1737 255 1854 300; x_wconf 84' lang='lat'>[1578</span> <span class='ocrx_word' id='word_1_5' title='bbox 1886 252 1984 286; x_wconf 77' lang='lat' dir='ltr'>febr.</span> <span class='ocrx_word' id='word_1_6' title='bbox 2018 262 2043 296; x_wconf 89' lang='lat'>4</span> 
     </span>
    </p>
   </div>
   <div class='ocr_carea' id='block_1_2' title="bbox 343 369 2103 716">
    <p class='ocr_par' dir='ltr' id='par_1_2' title="bbox 343 369 2103 716">
     <span class='ocr_line' id='line_1_2' title="bbox 343 369 2040 450; baseline -0.024 0"><span class='ocrx_word' id='word_1_7' title='bbox 343 402 575 450; x_wconf 86' lang='lat' dir='ltr'>scribenda</span> <span class='ocrx_word' id='word_1_8' title='bbox 622 411 714 441; x_wconf 89' lang='lat' dir='ltr'>sese</span> <span class='ocrx_word' id='word_1_9' title='bbox 767 391 1041 436; x_wconf 87' lang='lat' dir='ltr'>obtulerunt.</span> <span class='ocrx_word' id='word_1_10' title='bbox 1092 383 1251 426; x_wconf 81' lang='lat' dir='ltr'>Valere</span> <span class='ocrx_word' id='word_1_11' title='bbox 1289 380 1436 422; x_wconf 90' lang='lat' dir='ltr'>Tuam</span> <span class='ocrx_word' id='word_1_12' title='bbox 1475 374 1581 419; x_wconf 75' lang='lat' dir='ltr'>Mtem</span> <span class='ocrx_word' id='word_1_13' title='bbox 1622 379 1731 430; x_wconf 93' lang='lat' dir='ltr'>opto</span> <span class='ocrx_word' id='word_1_14' title='bbox 1771 369 1959 413; x_wconf 77' lang='lat' dir='ltr'>feliciter</span> <span class='ocrx_word' id='word_1_15' title='bbox 1997 371 2040 410; x_wconf 81' lang='lat' dir='ltr'>et</span> 
     </span>
     <span class='ocr_line' id='line_1_3' title="bbox 345 472 781 520; baseline -0.034 0"><span class='ocrx_word' id='word_1_16' title='bbox 345 489 484 520; x_wconf 88' lang='lat' dir='ltr'>annos</span> <span class='ocrx_word' id='word_1_17' title='bbox 524 472 781 513; x_wconf 79' lang='lat' dir='ltr'>Nestoreos,</span> 
     </span>
     <span class='ocr_line' id='line_1_4' title="bbox 461 508 2042 585; baseline -0.022 0"><span class='ocrx_word' id='word_1_18' title='bbox 461 545 605 585; x_wconf 89' lang='lat' dir='ltr'>Datae</span> <span class='ocrx_word' id='word_1_19' title='bbox 624 539 807 580; x_wconf 88' lang='lat' dir='ltr'>Romae.</span> <span class='ocrx_word' id='word_1_20' title='bbox 833 532 964 573; x_wconf 91' lang='lat' dir='ltr'>Anno</span> <span class='ocrx_word' id='word_1_21' title='bbox 981 527 1039 569; x_wconf 91' lang='lat' dir='ltr'>ab</span> <span class='ocrx_word' id='word_1_22' title='bbox 1055 526 1161 568; x_wconf 93' lang='lat' dir='ltr'>orbe</span> <span class='ocrx_word' id='word_1_23' title='bbox 1183 523 1418 575; x_wconf 89' lang='lat' dir='ltr'>redempto</span> <span class='ocrx_word' id='word_1_24' title='bbox 1438 529 1560 573; x_wconf 86' lang='lat'>1577.</span> <span class='ocrx_word' id='word_1_25' title='bbox 1580 517 1625 559; x_wconf 75' lang='lat'>6³</span> <span class='ocrx_word' id='word_1_26' title='bbox 1643 514 1752 557; x_wconf 91' lang='lat' dir='ltr'>Idus</span> <span class='ocrx_word' id='word_1_27' title='bbox 1768 508 2042 555; x_wconf 83' lang='lat' dir='ltr'><strong>Decembris.</strong></span> 
     </span>
     <span class='ocr_line' id='line_1_5' title="bbox 461 587 1715 654; baseline -0.022 0"><span class='ocrx_word' id='word_1_28' title='bbox 461 614 581 654; x_wconf 84' lang='lat' dir='ltr'>Tuae</span> <span class='ocrx_word' id='word_1_29' title='bbox 616 602 866 650; x_wconf 79' lang='lat' dir='ltr'>Maiestatis</span> <span class='ocrx_word' id='word_1_30' title='bbox 897 596 1233 642; x_wconf 84' lang='lat' dir='ltr'>addictissimus</span> <span class='ocrx_word' id='word_1_31' title='bbox 1264 597 1309 635; x_wconf 92' lang='lat' dir='ltr'>et</span> <span class='ocrx_word' id='word_1_32' title='bbox 1342 587 1715 633; x_wconf 88' lang='lat' dir='ltr'>obstrictissimus</span> 
     </span>
     <span class='ocr_line' id='line_1_6' title="bbox 1299 649 2103 716; baseline -0.017 -12"><span class='ocrx_word' id='word_1_33' title='bbox 1299 661 1556 716; x_wconf 83' lang='lat' dir='ltr'>Stephanus</span> <span class='ocrx_word' id='word_1_34' title='bbox 1588 658 1754 699; x_wconf 83' lang='lat' dir='ltr'>Arator</span> <span class='ocrx_word' id='word_1_35' title='bbox 1786 649 2052 696; x_wconf 91' lang='lat' dir='ltr'>Pannonius</span> <span class='ocrx_word' id='word_1_36' title='bbox 2086 661 2103 690; x_wconf 88' lang='lat'><strong>5</strong></span> 
     </span>
    </p>
   </div>
   <div class='ocr_carea' id='block_1_3' title="bbox 351 751 2054 893">
    <p class='ocr_par' dir='ltr' id='par_1_3' title="bbox 351 751 2054 893">
     <span class='ocr_line' id='line_1_7' title="bbox 476 751 2054 828; baseline -0.02 -7"><span class='ocrx_word' id='word_1_37' title='bbox 476 782 633 825; x_wconf 70' lang='lat' dir='ltr'>Alana,</span> <span class='ocrx_word' id='word_1_38' title='bbox 659 774 835 828; x_wconf 70' lang='lat' dir='ltr'>egykoru</span> <span class='ocrx_word' id='word_1_39' title='bbox 859 770 984 812; x_wconf 66' lang='lat' dir='ltr'>kezzel</span> <span class='ocrx_word' id='word_1_40' title='bbox 1003 783 1015 808; x_wconf 93' lang='lat'>.·</span> <span class='ocrx_word' id='word_1_41' title='bbox 1053 768 1181 807; x_wconf 89' lang='lat' dir='ltr'>Missa</span> <span class='ocrx_word' id='word_1_42' title='bbox 1218 765 1298 804; x_wconf 76' lang='lat' dir='ltr'>fuit</span> <span class='ocrx_word' id='word_1_43' title='bbox 1324 763 1379 803; x_wconf 89' lang='lat' dir='ltr'>ad</span> <span class='ocrx_word' id='word_1_44' title='bbox 1402 773 1541 812; x_wconf 88' lang='lat' dir='ltr'>regem</span> <span class='ocrx_word' id='word_1_45' title='bbox 1566 759 1706 797; x_wconf 88' lang='lat' dir='ltr'>Roma</span> <span class='ocrx_word' id='word_1_46' title='bbox 1732 767 1809 806; x_wconf 89' lang='lat' dir='ltr'>per</span> <span class='ocrx_word' id='word_1_47' title='bbox 1833 751 2054 792; x_wconf 89' lang='lat' dir='ltr'>dominum</span> 
     </span>
     <span class='ocr_line' id='line_1_8' title="bbox 351 815 1889 893; baseline -0.022 -9"><span class='ocrx_word' id='word_1_48' title='bbox 351 839 584 893; x_wconf 87' lang='lat' dir='ltr'>Zamoyscii</span> <span class='ocrx_word' id='word_1_49' title='bbox 617 836 777 887; x_wconf 86' lang='lat' dir='ltr'>regium</span> <span class='ocrx_word' id='word_1_50' title='bbox 808 828 1091 872; x_wconf 89' lang='lat' dir='ltr'>tabellarium,</span> <span class='ocrx_word' id='word_1_51' title='bbox 1126 837 1237 864; x_wconf 91' lang='lat' dir='ltr'>anno</span> <span class='ocrx_word' id='word_1_52' title='bbox 1268 827 1310 862; x_wconf 88' lang='lat' dir='ltr'>et</span> <span class='ocrx_word' id='word_1_53' title='bbox 1343 822 1409 861; x_wconf 88' lang='lat' dir='ltr'>die</span> <span class='ocrx_word' id='word_1_54' title='bbox 1440 818 1632 870; x_wconf 89' lang='lat' dir='ltr'>superius</span> <span class='ocrx_word' id='word_1_55' title='bbox 1664 815 1889 854; x_wconf 89' lang='lat' dir='ltr'>adnotato.</span> 
     </span>
    </p>
   </div>
   <div class='ocr_carea' id='block_1_4' title="bbox 356 902 2054 980">
    <p class='ocr_par' dir='ltr' id='par_1_4' title="bbox 356 902 2054 980">
     <span class='ocr_line' id='line_1_9' title="bbox 356 902 2054 980; baseline -0.021 -10"><span class='ocrx_word' id='word_1_56' title='bbox 356 932 560 980; x_wconf 79' lang='lat' dir='ltr'>(Egykori&#39;i</span> <span class='ocrx_word' id='word_1_57' title='bbox 581 928 765 967; x_wconf 79' lang='lat' dir='ltr'>masolat,</span> <span class='ocrx_word' id='word_1_58' title='bbox 785 923 913 958; x_wconf 83' lang='lat' dir='ltr'>romai</span> <span class='ocrx_word' id='word_1_59' title='bbox 930 919 1114 955; x_wconf 75' lang='lat' dir='ltr'>vatikani</span> <span class='ocrx_word' id='word_1_60' title='bbox 1131 914 1336 960; x_wconf 74' lang='lat' dir='ltr'>konyvtar</span> <span class='ocrx_word' id='word_1_61' title='bbox 1353 913 1446 947; x_wconf 85' lang='lat' dir='ltr'>Vat.</span> <span class='ocrx_word' id='word_1_62' title='bbox 1473 912 1544 946; x_wconf 79' lang='lat' dir='ltr'>lat.</span> <span class='ocrx_word' id='word_1_63' title='bbox 1575 910 1687 952; x_wconf 85' lang='lat'>6205.</span> <span class='ocrx_word' id='word_1_64' title='bbox 1708 908 1792 940; x_wconf 76' lang='lat' dir='ltr'>kot.</span> <span class='ocrx_word' id='word_1_65' title='bbox 1825 904 1987 947; x_wconf 78' lang='lat'>86—89.</span> <span class='ocrx_word' id='word_1_66' title='bbox 2009 902 2054 944; x_wconf 89' lang='lat'>1.)</span> 
     </span>
    </p>
   </div>
   <div class='ocr_carea' id='block_1_5' title="bbox 1170 1068 2104 1110">
    <p class='ocr_par' dir='ltr' id='par_1_5' title="bbox 1170 1068 2104 1110">
     <span class='ocr_line' id='line_1_10' title="bbox 1170 1068 2104 1110; baseline -0.017 1"><span class='ocrx_word' id='word_1_67' title='bbox 1170 1068 1240 1110; x_wconf 84' lang='lat'>20.</span> <span class='ocrx_word' id='word_1_68' title='bbox 2074 1068 2104 1095; x_wconf 86' lang='lat'>10</span> 
     </span>
    </p>
   </div>
   <div class='ocr_carea' id='block_1_6' title="bbox 880 1166 1528 1225">
    <p class='ocr_par' dir='ltr' id='par_1_6' title="bbox 880 1166 1528 1225">
     <span class='ocr_line' id='line_1_11' title="bbox 880 1166 1528 1225; baseline -0.02 -8"><span class='ocrx_word' id='word_1_69' title='bbox 880 1174 1031 1220; x_wconf 79' lang='lat' dir='ltr'>Varsc5,</span> <span class='ocrx_word' id='word_1_70' title='bbox 1066 1169 1180 1225; x_wconf 85' lang='lat'><em>1578</em></span> <span class='ocrx_word' id='word_1_71' title='bbox 1210 1166 1456 1222; x_wconf 64' lang='lat' dir='ltr'>februarius</span> <span class='ocrx_word' id='word_1_72' title='bbox 1488 1175 1528 1217; x_wconf 91' lang='lat'>4.</span> 
     </span>
    </p>
   </div>
   <div class='ocr_carea' id='block_1_7' title="bbox 501 1274 2012 1436">
    <p class='ocr_par' dir='ltr' id='par_1_7' title="bbox 501 1274 2012 1436">
     <span class='ocr_line' id='line_1_12' title="bbox 672 1274 1753 1345; baseline -0.022 -8"><span class='ocrx_word' id='word_1_73' title='bbox 672 1295 863 1345; x_wconf 78' lang='lat' dir='ltr'>Bathory</span> <span class='ocrx_word' id='word_1_74' title='bbox 894 1289 1043 1330; x_wconf 76' lang='lat' dir='ltr'>Istvan</span> <span class='ocrx_word' id='word_1_75' title='bbox 1072 1285 1209 1336; x_wconf 78' lang='lat' dir='ltr'>kiraly</span> <span class='ocrx_word' id='word_1_76' title='bbox 1239 1284 1284 1322; x_wconf 90' lang='lat' dir='ltr'>P.</span> <span class='ocrx_word' id='word_1_77' title='bbox 1317 1280 1473 1321; x_wconf 77' lang='lat' dir='ltr'>Szanto</span> <span class='ocrx_word' id='word_1_78' title='bbox 1504 1274 1753 1317; x_wconf 80' lang='lat' dir='ltr'>Istvannak.</span> 
     </span>
     <span class='ocr_line' id='line_1_13' title="bbox 501 1367 2012 1436; baseline -0.021 0"><span class='ocrx_word' id='word_1_79' title='bbox 501 1397 658 1436; x_wconf 83' lang='lat' dir='ltr'>Va&#39;lasz.</span> <span class='ocrx_word' id='word_1_80' title='bbox 688 1391 712 1430; x_wconf 92' lang='lat' dir='ltr'><strong><em>I</em></strong></span> <span class='ocrx_word' id='word_1_81' title='bbox 716 1390 913 1431; x_wconf 66' lang='lat' dir='ltr'>smeitelten</span> <span class='ocrx_word' id='word_1_82' title='bbox 944 1385 1042 1431; x_wconf 61' lang='lat' dir='ltr'>lem,</span> <span class='ocrx_word' id='word_1_83' title='bbox 1075 1383 1225 1423; x_wconf 77' lang='lat' dir='ltr'>siessen</span> <span class='ocrx_word' id='word_1_84' title='bbox 1253 1375 1456 1421; x_wconf 67' lang='lat' dir='ltr'>k6veteivel,</span> <span class='ocrx_word' id='word_1_85' title='bbox 1485 1371 1641 1424; x_wconf 78' lang='lat' dir='ltr'>egy-ke&#39;t</span> <span class='ocrx_word' id='word_1_86' title='bbox 1671 1368 1849 1411; x_wconf 74' lang='lat' dir='ltr'>ta‘rsa&#39;val</span> <span class='ocrx_word' id='word_1_87' title='bbox 1879 1367 2012 1407; x_wconf 79' lang='lat' dir='ltr'>hozza&#39;.</span> 
     </span>
    </p>
   </div>
   <div class='ocr_carea' id='block_1_8' title="bbox 373 1479 2188 2885">
    <p class='ocr_par' dir='ltr' id='par_1_8' title="bbox 486 1479 1158 1546">
     <span class='ocr_line' id='line_1_14' title="bbox 486 1479 1158 1546; baseline -0.022 -12"><span class='ocrx_word' id='word_1_88' title='bbox 486 1491 742 1546; x_wconf 80' lang='lat' dir='ltr'>Stephanus</span> <span class='ocrx_word' id='word_1_89' title='bbox 777 1483 861 1527; x_wconf 91' lang='lat' dir='ltr'>Dei</span> <span class='ocrx_word' id='word_1_90' title='bbox 895 1479 1041 1538; x_wconf 84' lang='lat' dir='ltr'>gratia</span> <span class='ocrx_word' id='word_1_91' title='bbox 1074 1483 1158 1521; x_wconf 88' lang='lat' dir='ltr'>etc.</span> 
     </span>
    </p>

    <p class='ocr_par' dir='ltr' id='par_1_9' title="bbox 373 1530 2188 1824">
     <span class='ocr_line' id='line_1_15' title="bbox 486 1530 2066 1605; baseline -0.022 0"><span class='ocrx_word' id='word_1_92' title='bbox 486 1558 762 1605; x_wconf 87' lang='lat' dir='ltr'>Venerabilis</span> <span class='ocrx_word' id='word_1_93' title='bbox 791 1556 969 1601; x_wconf 89' lang='lat' dir='ltr'>devote,</span> <span class='ocrx_word' id='word_1_94' title='bbox 1000 1549 1131 1592; x_wconf 91' lang='lat' dir='ltr'>nobis</span> <span class='ocrx_word' id='word_1_95' title='bbox 1158 1547 1326 1589; x_wconf 89' lang='lat' dir='ltr'>sincere</span> <span class='ocrx_word' id='word_1_96' title='bbox 1354 1543 1528 1585; x_wconf 90' lang='lat' dir='ltr'>dilecte.</span> <span class='ocrx_word' id='word_1_97' title='bbox 1561 1538 1765 1582; x_wconf 83' lang='lat' dir='ltr'>Salutem</span> <span class='ocrx_word' id='word_1_98' title='bbox 1795 1538 1839 1577; x_wconf 89' lang='lat' dir='ltr'>et</span> <span class='ocrx_word' id='word_1_99' title='bbox 1870 1530 2066 1588; x_wconf 85' lang='lat' dir='ltr'>gratiam</span> 
     </span>
     <span class='ocr_line' id='line_1_16' title="bbox 373 1614 2188 1685; baseline -0.02 -7"><span class='ocrx_word' id='word_1_100' title='bbox 373 1640 576 1678; x_wconf 90' lang='lat' dir='ltr'>nostram</span> <span class='ocrx_word' id='word_1_101' title='bbox 608 1629 788 1685; x_wconf 84' lang='lat' dir='ltr'>regiam.</span> <span class='ocrx_word' id='word_1_102' title='bbox 2085 1614 2118 1644; x_wconf 87' lang='lat'>15</span> <span class='ocrx_word' id='word_1_103' title='bbox 2187 1641 2188 1647; x_wconf 65' lang='grc'>,</span> 
     </span>
     <span class='ocr_line' id='line_1_17' title="bbox 490 1672 2070 1750; baseline -0.021 -5"><span class='ocrx_word' id='word_1_104' title='bbox 490 1704 560 1746; x_wconf 85' lang='lat' dir='ltr'>Ex</span> <span class='ocrx_word' id='word_1_105' title='bbox 588 1700 727 1743; x_wconf 91' lang='lat' dir='ltr'>literis</span> <span class='ocrx_word' id='word_1_106' title='bbox 753 1697 858 1745; x_wconf 92' lang='lat' dir='ltr'>tuis,</span> <span class='ocrx_word' id='word_1_107' title='bbox 889 1707 1002 1750; x_wconf 89' lang='lat' dir='ltr'>quas</span> <span class='ocrx_word' id='word_1_108' title='bbox 1030 1704 1150 1734; x_wconf 91' lang='lat' dir='ltr'>anno</span> <span class='ocrx_word' id='word_1_109' title='bbox 1177 1686 1403 1742; x_wconf 87' lang='lat' dir='ltr'>superiore</span> <span class='ocrx_word' id='word_1_110' title='bbox 1426 1683 1485 1725; x_wconf 92' lang='lat' dir='ltr'>ad</span> <span class='ocrx_word' id='word_1_111' title='bbox 1506 1694 1588 1723; x_wconf 88' lang='lat' dir='ltr'>nos</span> <span class='ocrx_word' id='word_1_112' title='bbox 1615 1675 1794 1725; x_wconf 84' lang='lat' dir='ltr'>dedisti,</span> <span class='ocrx_word' id='word_1_113' title='bbox 1823 1672 1947 1717; x_wconf 88' lang='lat' dir='ltr'>omni</span> <span class='ocrx_word' id='word_1_114' title='bbox 1973 1685 2070 1714; x_wconf 91' lang='lat' dir='ltr'>eru-</span> 
     </span>
     <span class='ocr_line' id='line_1_18' title="bbox 378 1720 2188 1824; baseline -0.022 -5"><span class='ocrx_word' id='word_1_115' title='bbox 378 1776 561 1822; x_wconf 85' lang='lat' dir='ltr'>ditione,</span> <span class='ocrx_word' id='word_1_116' title='bbox 595 1782 832 1824; x_wconf 89' lang='lat' dir='ltr'>rerumque</span> <span class='ocrx_word' id='word_1_117' title='bbox 865 1764 993 1821; x_wconf 88' lang='lat' dir='ltr'>copia</span> <span class='ocrx_word' id='word_1_118' title='bbox 1027 1761 1228 1809; x_wconf 77' lang='lat' dir='ltr'>refertas,</span> <span class='ocrx_word' id='word_1_119' title='bbox 1264 1756 1392 1799; x_wconf 80' lang='lat' dir='ltr'>facile</span> <span class='ocrx_word' id='word_1_120' title='bbox 1438 1749 1748 1810; x_wconf 87' lang='lat' dir='ltr'>perspeximus</span> <span class='ocrx_word' id='word_1_121' title='bbox 1779 1751 1914 1788; x_wconf 90' lang='lat' dir='ltr'>tuum</span> <span class='ocrx_word' id='word_1_122' title='bbox 1945 1755 2071 1799; x_wconf 91' lang='lat' dir='ltr'>prae·</span> <span class='ocrx_word' id='word_1_123' title='bbox 2186 1720 2188 1765; x_wconf 63' lang='lat' dir='ltr'>l</span> 
     </span>
    </p>

    <p class='ocr_par' dir='ltr' id='par_1_10' title="bbox 379 1813 2182 2707">
     <span class='ocr_line' id='line_1_19' title="bbox 379 1813 2074 1898; baseline -0.022 -8"><span class='ocrx_word' id='word_1_124' title='bbox 379 1848 549 1890; x_wconf 87' lang='lat' dir='ltr'>clarum</span> <span class='ocrx_word' id='word_1_125' title='bbox 570 1856 672 1898; x_wconf 85' lang='lat' dir='ltr'>erga</span> <span class='ocrx_word' id='word_1_126' title='bbox 691 1854 772 1882; x_wconf 91' lang='lat' dir='ltr'>nos</span> <span class='ocrx_word' id='word_1_127' title='bbox 792 1837 1009 1883; x_wconf 86' lang='lat' dir='ltr'>animum,</span> <span class='ocrx_word' id='word_1_128' title='bbox 1040 1831 1289 1885; x_wconf 90' lang='lat' dir='ltr'>statimque</span> <span class='ocrx_word' id='word_1_129' title='bbox 1309 1827 1355 1869; x_wconf 93' lang='lat' dir='ltr'>in</span> <span class='ocrx_word' id='word_1_130' title='bbox 1375 1839 1477 1868; x_wconf 90' lang='lat' dir='ltr'>eam</span> <span class='ocrx_word' id='word_1_131' title='bbox 1497 1819 1774 1865; x_wconf 89' lang='lat' dir='ltr'>sententiam</span> <span class='ocrx_word' id='word_1_132' title='bbox 1795 1813 2074 1861; x_wconf 91' lang='lat' dir='ltr'>devenimus,</span> 
     </span>
     <span class='ocr_line' id='line_1_20' title="bbox 381 1883 2077 1961; baseline -0.021 -1"><span class='ocrx_word' id='word_1_133' title='bbox 381 1923 432 1960; x_wconf 88' lang='lat' dir='ltr'>ut</span> <span class='ocrx_word' id='word_1_134' title='bbox 459 1930 512 1958; x_wconf 88' lang='lat' dir='ltr'>ea</span> <span class='ocrx_word' id='word_1_135' title='bbox 536 1915 581 1956; x_wconf 93' lang='lat' dir='ltr'>in</span> <span class='ocrx_word' id='word_1_136' title='bbox 606 1928 665 1961; x_wconf 90' lang='lat' dir='ltr'>re,</span> <span class='ocrx_word' id='word_1_137' title='bbox 693 1910 818 1953; x_wconf 91' lang='lat' dir='ltr'>cuius</span> <span class='ocrx_word' id='word_1_138' title='bbox 843 1914 887 1949; x_wconf 92' lang='lat' dir='ltr'>te</span> <span class='ocrx_word' id='word_1_139' title='bbox 912 1907 1005 1948; x_wconf 91' lang='lat' dir='ltr'>iam</span> <span class='ocrx_word' id='word_1_140' title='bbox 1029 1903 1204 1960; x_wconf 88' lang='lat' dir='ltr'>pridem</span> <span class='ocrx_word' id='word_1_141' title='bbox 1229 1898 1465 1941; x_wconf 88' lang='lat' dir='ltr'>certiorem</span> <span class='ocrx_word' id='word_1_142' title='bbox 1491 1894 1753 1938; x_wconf 74' lang='lat' dir='ltr'>feceramus,</span> <span class='ocrx_word' id='word_1_143' title='bbox 1779 1888 1864 1930; x_wconf 90' lang='lat' dir='ltr'>hae</span> <span class='ocrx_word' id='word_1_144' title='bbox 1889 1883 2077 1927; x_wconf 87' lang='lat' dir='ltr'>tandem</span> 
     </span>
     <span class='ocr_line' id='line_1_21' title="bbox 382 1953 2127 2031; baseline -0.022 0"><span class='ocrx_word' id='word_1_145' title='bbox 382 1986 615 2031; x_wconf 87' lang='lat' dir='ltr'>occasione</span> <span class='ocrx_word' id='word_1_146' title='bbox 640 1988 869 2024; x_wconf 88' lang='lat' dir='ltr'>uteremur</span> <span class='ocrx_word' id='word_1_147' title='bbox 894 1975 1045 2019; x_wconf 89' lang='lat' dir='ltr'>studio</span> <span class='ocrx_word' id='word_1_148' title='bbox 1070 1978 1208 2028; x_wconf 90' lang='lat' dir='ltr'>atque</span> <span class='ocrx_word' id='word_1_149' title='bbox 1233 1983 1369 2025; x_wconf 88' lang='lat' dir='ltr'>opera</span> <span class='ocrx_word' id='word_1_150' title='bbox 1393 1972 1486 2009; x_wconf 91' lang='lat' dir='ltr'>tua.</span> <span class='ocrx_word' id='word_1_151' title='bbox 1537 1961 1671 2020; x_wconf 79' lang='lat' dir='ltr'>Quod</span> <span class='ocrx_word' id='word_1_152' title='bbox 1693 1972 1813 2002; x_wconf 91' lang='lat' dir='ltr'>nunc</span> <span class='ocrx_word' id='word_1_153' title='bbox 1836 1955 1922 1999; x_wconf 91' lang='lat' dir='ltr'>tibi</span> <span class='ocrx_word' id='word_1_154' title='bbox 1945 1953 2127 2010; x_wconf 78' lang='lat' dir='ltr'>signi-20</span> 
     </span>
     <span class='ocr_line' id='line_1_22' title="bbox 384 2026 2078 2101; baseline -0.021 0"><span class='ocrx_word' id='word_1_155' title='bbox 384 2057 613 2101; x_wconf 88' lang='lat' dir='ltr'>ficandum</span> <span class='ocrx_word' id='word_1_156' title='bbox 644 2052 868 2098; x_wconf 82' lang='lat' dir='ltr'>duximus,</span> <span class='ocrx_word' id='word_1_157' title='bbox 899 2053 951 2090; x_wconf 91' lang='lat' dir='ltr'>ut</span> <span class='ocrx_word' id='word_1_158' title='bbox 981 2044 1250 2099; x_wconf 84' lang='lat' dir='ltr'>intelligeres</span> <span class='ocrx_word' id='word_1_159' title='bbox 1278 2038 1387 2082; x_wconf 86' lang='lat' dir='ltr'>nihil</span> <span class='ocrx_word' id='word_1_160' title='bbox 1417 2035 1547 2079; x_wconf 91' lang='lat' dir='ltr'>nobis</span> <span class='ocrx_word' id='word_1_161' title='bbox 1576 2031 1719 2088; x_wconf 88' lang='lat' dir='ltr'>magis</span> <span class='ocrx_word' id='word_1_162' title='bbox 1746 2029 1793 2071; x_wconf 91' lang='lat' dir='ltr'>in</span> <span class='ocrx_word' id='word_1_163' title='bbox 1821 2026 1942 2070; x_wconf 91' lang='lat' dir='ltr'>votis</span> <span class='ocrx_word' id='word_1_164' title='bbox 1969 2038 2078 2073; x_wconf 90' lang='lat' dir='ltr'>esse,</span> 
     </span>
     <span class='ocr_line' id='line_1_23' title="bbox 385 2098 2080 2186; baseline -0.021 -14"><span class='ocrx_word' id='word_1_165' title='bbox 385 2142 525 2186; x_wconf 86' lang='lat' dir='ltr'>quam</span> <span class='ocrx_word' id='word_1_166' title='bbox 567 2131 617 2167; x_wconf 92' lang='lat' dir='ltr'>ut</span> <span class='ocrx_word' id='word_1_167' title='bbox 661 2137 755 2166; x_wconf 91' lang='lat' dir='ltr'>rem</span> <span class='ocrx_word' id='word_1_168' title='bbox 798 2119 1014 2165; x_wconf 86' lang='lat' dir='ltr'>divinam,</span> <span class='ocrx_word' id='word_1_169' title='bbox 1046 2125 1315 2171; x_wconf 89' lang='lat' dir='ltr'>quacunque</span> <span class='ocrx_word' id='word_1_170' title='bbox 1359 2107 1533 2151; x_wconf 91' lang='lat' dir='ltr'>ratione</span> <span class='ocrx_word' id='word_1_171' title='bbox 1576 2102 1813 2160; x_wconf 89' lang='lat' dir='ltr'>possimus,</span> <span class='ocrx_word' id='word_1_172' title='bbox 1858 2098 2080 2143; x_wconf 89' lang='lat' dir='ltr'>iuvemus,</span> 
     </span>
     <span class='ocr_line' id='line_1_24' title="bbox 388 2165 2082 2254; baseline -0.021 -12"><span class='ocrx_word' id='word_1_173' title='bbox 388 2199 611 2254; x_wconf 86' lang='lat' dir='ltr'>erigamus</span> <span class='ocrx_word' id='word_1_174' title='bbox 637 2200 681 2237; x_wconf 87' lang='lat' dir='ltr'>et</span> <span class='ocrx_word' id='word_1_175' title='bbox 707 2201 1069 2250; x_wconf 89' lang='lat' dir='ltr'>promoveamus.</span> <span class='ocrx_word' id='word_1_176' title='bbox 1098 2184 1230 2228; x_wconf 91' lang='lat' dir='ltr'>Unde</span> <span class='ocrx_word' id='word_1_177' title='bbox 1255 2180 1445 2235; x_wconf 88' lang='lat' dir='ltr'>benigne</span> <span class='ocrx_word' id='word_1_178' title='bbox 1472 2187 1709 2220; x_wconf 91' lang='lat' dir='ltr'>monemus</span> <span class='ocrx_word' id='word_1_179' title='bbox 1734 2177 1793 2220; x_wconf 92' lang='lat' dir='ltr'>te,</span> <span class='ocrx_word' id='word_1_180' title='bbox 1821 2183 1874 2213; x_wconf 93' lang='lat' dir='ltr'>ac</span> <span class='ocrx_word' id='word_1_181' title='bbox 1897 2165 2082 2223; x_wconf 88' lang='lat' dir='ltr'>requiri-</span> 
     </span>
     <span class='ocr_line' id='line_1_25' title="bbox 389 2237 2085 2318; baseline -0.021 -5"><span class='ocrx_word' id='word_1_182' title='bbox 389 2284 503 2318; x_wconf 88' lang='lat' dir='ltr'>mus,</span> <span class='ocrx_word' id='word_1_183' title='bbox 527 2273 579 2309; x_wconf 89' lang='lat' dir='ltr'>ut</span> <span class='ocrx_word' id='word_1_184' title='bbox 603 2279 706 2308; x_wconf 84' lang='lat' dir='ltr'>curn</span> <span class='ocrx_word' id='word_1_185' title='bbox 728 2265 811 2306; x_wconf 90' lang='lat' dir='ltr'>hoc</span> <span class='ocrx_word' id='word_1_186' title='bbox 835 2265 1012 2304; x_wconf 88' lang='lat' dir='ltr'>oratore</span> <span class='ocrx_word' id='word_1_187' title='bbox 1034 2251 1223 2303; x_wconf 86' lang='lat' dir='ltr'>nostro,l</span> <span class='ocrx_word' id='word_1_188' title='bbox 1247 2265 1383 2309; x_wconf 89' lang='lat' dir='ltr'>quem</span> <span class='ocrx_word' id='word_1_189' title='bbox 1406 2264 1458 2291; x_wconf 92' lang='lat' dir='ltr'>eo</span> <span class='ocrx_word' id='word_1_190' title='bbox 1480 2246 1720 2293; x_wconf 89' lang='lat' dir='ltr'>mittimus,</span> <span class='ocrx_word' id='word_1_191' title='bbox 1744 2243 1833 2284; x_wconf 93' lang='lat' dir='ltr'>huc</span> <span class='ocrx_word' id='word_1_192' title='bbox 1855 2245 1901 2282; x_wconf 87' lang='lat' dir='ltr'>te</span> <span class='ocrx_word' id='word_1_193' title='bbox 1923 2237 1983 2281; x_wconf 92' lang='lat' dir='ltr'>ad</span> <span class='ocrx_word' id='word_1_194' title='bbox 2003 2249 2085 2278; x_wconf 91' lang='lat' dir='ltr'>nos</span> 
     </span>
     <span class='ocr_line' id='line_1_26' title="bbox 392 2310 2135 2389; baseline -0.021 -5"><span class='ocrx_word' id='word_1_195' title='bbox 392 2340 606 2386; x_wconf 79' lang='lat' dir='ltr'>conferas,</span> <span class='ocrx_word' id='word_1_196' title='bbox 630 2335 852 2389; x_wconf 89' lang='lat' dir='ltr'>simulque</span> <span class='ocrx_word' id='word_1_197' title='bbox 873 2336 1025 2374; x_wconf 92' lang='lat' dir='ltr'>tecum</span> <span class='ocrx_word' id='word_1_198' title='bbox 1045 2340 1188 2369; x_wconf 90' lang='lat' dir='ltr'>unum</span> <span class='ocrx_word' id='word_1_199' title='bbox 1209 2328 1289 2366; x_wconf 91' lang='lat' dir='ltr'>aut</span> <span class='ocrx_word' id='word_1_200' title='bbox 1310 2322 1424 2364; x_wconf 92' lang='lat' dir='ltr'>duos</span> <span class='ocrx_word' id='word_1_201' title='bbox 1444 2317 1644 2362; x_wconf 90' lang='lat' dir='ltr'>eiusdem</span> <span class='ocrx_word' id='word_1_202' title='bbox 1665 2310 1888 2369; x_wconf 88' lang='lat' dir='ltr'>religionis</span> <span class='ocrx_word' id='word_1_203' title='bbox 1908 2312 2086 2351; x_wconf 85' lang='lat' dir='ltr'>vestrae</span> <span class='ocrx_word' id='word_1_204' title='bbox 2099 2330 2135 2359; x_wconf 88' lang='lat'>25</span> 
     </span>
     <span class='ocr_line' id='line_1_27' title="bbox 390 2377 2089 2459; baseline -0.021 -5"><span class='ocrx_word' id='word_1_205' title='bbox 390 2411 523 2459; x_wconf 83' lang='lat' dir='ltr'>viros,</span> <span class='ocrx_word' id='word_1_206' title='bbox 548 2406 754 2451; x_wconf 89' lang='lat' dir='ltr'>doctrina</span> <span class='ocrx_word' id='word_1_207' title='bbox 776 2409 820 2446; x_wconf 90' lang='lat' dir='ltr'>et</span> <span class='ocrx_word' id='word_1_208' title='bbox 843 2401 1045 2446; x_wconf 91' lang='lat' dir='ltr'>moribus</span> <span class='ocrx_word' id='word_1_209' title='bbox 1068 2396 1349 2441; x_wconf 86' lang='lat' dir='ltr'>excellentes,</span> <span class='ocrx_word' id='word_1_210' title='bbox 1389 2390 1615 2437; x_wconf 87' lang='lat' dir='ltr'>adducas;</span> <span class='ocrx_word' id='word_1_211' title='bbox 1649 2384 1921 2442; x_wconf 89' lang='lat' dir='ltr'>quibuscum</span> <span class='ocrx_word' id='word_1_212' title='bbox 1951 2379 2006 2421; x_wconf 92' lang='lat' dir='ltr'>de</span> <span class='ocrx_word' id='word_1_213' title='bbox 2035 2377 2089 2419; x_wconf 91' lang='lat' dir='ltr'>iis</span> 
     </span>
     <span class='ocr_line' id='line_1_28' title="bbox 392 2453 2088 2535; baseline -0.021 -11"><span class='ocrx_word' id='word_1_214' title='bbox 392 2482 536 2529; x_wconf 88' lang='lat' dir='ltr'>rebus,</span> <span class='ocrx_word' id='word_1_215' title='bbox 557 2492 669 2535; x_wconf 92' lang='lat' dir='ltr'>quas</span> <span class='ocrx_word' id='word_1_216' title='bbox 693 2474 838 2519; x_wconf 90' lang='lat' dir='ltr'>acturi</span> <span class='ocrx_word' id='word_1_217' title='bbox 862 2484 1031 2519; x_wconf 89' lang='lat' dir='ltr'>sumus,</span> <span class='ocrx_word' id='word_1_218' title='bbox 1049 2466 1234 2511; x_wconf 90' lang='lat' dir='ltr'>consilia</span> <span class='ocrx_word' id='word_1_219' title='bbox 1251 2463 1451 2506; x_wconf 74' lang='lat' dir='ltr'>conferre</span> <span class='ocrx_word' id='word_1_220' title='bbox 1483 2464 1528 2502; x_wconf 92' lang='lat' dir='ltr'>et</span> <span class='ocrx_word' id='word_1_221' title='bbox 1553 2456 1714 2500; x_wconf 89' lang='lat' dir='ltr'>deinde</span> <span class='ocrx_word' id='word_1_222' title='bbox 1737 2453 1883 2511; x_wconf 91' lang='lat' dir='ltr'>primo</span> <span class='ocrx_word' id='word_1_223' title='bbox 1907 2461 2088 2506; x_wconf 92' lang='lat' dir='ltr'>quoque</span> 
     </span>
     <span class='ocr_line' id='line_1_29' title="bbox 396 2519 2091 2606; baseline -0.02 -12"><span class='ocrx_word' id='word_1_224' title='bbox 396 2557 598 2606; x_wconf 89' lang='lat' dir='ltr'>tempore</span> <span class='ocrx_word' id='word_1_225' title='bbox 628 2546 799 2603; x_wconf 91' lang='lat' dir='ltr'>aliquid</span> <span class='ocrx_word' id='word_1_226' title='bbox 827 2543 937 2586; x_wconf 87' lang='lat' dir='ltr'>certi</span> <span class='ocrx_word' id='word_1_227' title='bbox 966 2545 1165 2584; x_wconf 89' lang='lat' dir='ltr'>statuere</span> <span class='ocrx_word' id='word_1_228' title='bbox 1194 2534 1430 2592; x_wconf 91' lang='lat' dir='ltr'>possimus.</span> <span class='ocrx_word' id='word_1_229' title='bbox 1469 2529 1602 2587; x_wconf 77' lang='lat' dir='ltr'>Quod</span> <span class='ocrx_word' id='word_1_230' title='bbox 1630 2532 1675 2569; x_wconf 91' lang='lat' dir='ltr'>te</span> <span class='ocrx_word' id='word_1_231' title='bbox 1703 2539 1784 2582; x_wconf 92' lang='lat' dir='ltr'>pro</span> <span class='ocrx_word' id='word_1_232' title='bbox 1813 2528 1895 2565; x_wconf 88' lang='lat' dir='ltr'>tua</span> <span class='ocrx_word' id='word_1_233' title='bbox 1921 2520 1968 2563; x_wconf 93' lang='lat' dir='ltr'>in</span> <span class='ocrx_word' id='word_1_234' title='bbox 1996 2519 2091 2561; x_wconf 82' lang='lat' dir='ltr'>Nos</span> 
     </span>
     <span class='ocr_line' id='line_1_30' title="bbox 397 2583 2182 2707; baseline -0.02 -43"><span class='ocrx_word' id='word_1_235' title='bbox 397 2622 496 2667; x_wconf 88' lang='lat' dir='ltr'>fide,</span> <span class='ocrx_word' id='word_1_236' title='bbox 526 2625 663 2674; x_wconf 85' lang='lat' dir='ltr'>atquc</span> <span class='ocrx_word' id='word_1_237' title='bbox 688 2618 872 2673; x_wconf 88' lang='lat' dir='ltr'>pietate,</span> <span class='ocrx_word' id='word_1_238' title='bbox 900 2614 1128 2656; x_wconf 81' lang='lat' dir='ltr'>facturum</span> <span class='ocrx_word' id='word_1_239' title='bbox 1154 2621 1245 2650; x_wconf 92' lang='lat' dir='ltr'>non</span> <span class='ocrx_word' id='word_1_240' title='bbox 1270 2604 1548 2648; x_wconf 88' lang='lat' dir='ltr'>dubitamus.</span> <span class='ocrx_word' id='word_1_241' title='bbox 1575 2600 1698 2641; x_wconf 90' lang='lat' dir='ltr'>Bene</span> <span class='ocrx_word' id='word_1_242' title='bbox 1722 2595 1836 2637; x_wconf 89' lang='lat' dir='ltr'>vale.</span> <span class='ocrx_word' id='word_1_243' title='bbox 2175 2583 2182 2707; x_wconf 71' lang='grc' dir='ltr'>Ι</span> 
     </span>
    </p>

    <p class='ocr_par' dir='ltr' id='par_1_11' title="bbox 405 2661 2143 2802">
     <span class='ocr_line' id='line_1_31' title="bbox 515 2661 2143 2740; baseline -0.021 -7"><span class='ocrx_word' id='word_1_244' title='bbox 515 2689 771 2736; x_wconf 77' lang='lat' dir='ltr'>Varsaviae,</span> <span class='ocrx_word' id='word_1_245' title='bbox 805 2699 844 2740; x_wconf 83' lang='lat'>4.</span> <span class='ocrx_word' id='word_1_246' title='bbox 880 2684 950 2726; x_wconf 91' lang='lat' dir='ltr'>die</span> <span class='ocrx_word' id='word_1_247' title='bbox 983 2678 1228 2725; x_wconf 84' lang='lat' dir='ltr'>Februarii.</span> <span class='ocrx_word' id='word_1_248' title='bbox 1263 2678 1395 2719; x_wconf 91' lang='lat' dir='ltr'>Anno</span> <span class='ocrx_word' id='word_1_249' title='bbox 1428 2669 1616 2715; x_wconf 91' lang='lat' dir='ltr'>Domini</span> <span class='ocrx_word' id='word_1_250' title='bbox 1651 2666 1774 2722; x_wconf 87' lang='lat'>1578.</span> <span class='ocrx_word' id='word_1_251' title='bbox 1810 2661 1955 2719; x_wconf 89' lang='lat' dir='ltr'>Regni</span> <span class='ocrx_word' id='word_1_252' title='bbox 1986 2672 2143 2715; x_wconf 77' lang='lat' dir='ltr'>ver030</span> 
     </span>
     <span class='ocr_line' id='line_1_32' title="bbox 405 2756 934 2802; baseline -0.011 0"><span class='ocrx_word' id='word_1_253' title='bbox 405 2760 544 2802; x_wconf 86' lang='lat' dir='ltr'>nostri</span> <span class='ocrx_word' id='word_1_254' title='bbox 577 2773 693 2801; x_wconf 86' lang='lat' dir='ltr'>anno</span> <span class='ocrx_word' id='word_1_255' title='bbox 726 2756 934 2799; x_wconf 86' lang='lat' dir='ltr'>secundo.</span> 
     </span>
    </p>

    <p class='ocr_par' dir='ltr' id='par_1_12' title="bbox 519 2822 1171 2885">
     <span class='ocr_line' id='line_1_33' title="bbox 519 2822 1171 2885; baseline -0.015 -13"><span class='ocrx_word' id='word_1_256' title='bbox 519 2830 774 2885; x_wconf 87' lang='lat' dir='ltr'>Stephanus</span> <span class='ocrx_word' id='word_1_257' title='bbox 810 2828 909 2869; x_wconf 86' lang='lat' dir='ltr'>Rex</span> <span class='ocrx_word' id='word_1_258' title='bbox 942 2822 1171 2866; x_wconf 88' lang='lat' dir='ltr'>Poloniae.</span> 
     </span>
    </p>
   </div>
   <div class='ocr_carea' id='block_1_9' title="bbox 2184 1770 2188 1994">
    <p class='ocr_par' dir='ltr' id='par_1_13' title="bbox 2184 1770 2188 1994">
     <span class='ocr_line' id='line_1_34' title="bbox 2184 1770 2188 1994; baseline 0 1541"><span class='ocrx_word' id='word_1_259' title='bbox 2184 1770 2188 1994; x_wconf 95' lang='lat' dir='ltr'> </span> 
     </span>
    </p>
   </div>
   <div class='ocr_carea' id='block_1_10' title="bbox 2182 1997 2188 2208">
    <p class='ocr_par' dir='ltr' id='par_1_14' title="bbox 2182 1997 2188 2208">
     <span class='ocr_line' id='line_1_35' title="bbox 2182 1997 2188 2208; baseline 0 1327"><span class='ocrx_word' id='word_1_260' title='bbox 2182 1997 2188 2208; x_wconf 95' lang='lat' dir='ltr'> </span> 
     </span>
    </p>
   </div>
   <div class='ocr_carea' id='block_1_11' title="bbox 2180 2209 2188 2330">
    <p class='ocr_par' dir='ltr' id='par_1_15' title="bbox 2180 2209 2188 2330">
     <span class='ocr_line' id='line_1_36' title="bbox 2181 2209 2188 2282; baseline 0 0"><span class='ocrx_word' id='word_1_261' title='bbox 2181 2209 2188 2282; x_wconf 71' lang='lat' dir='ltr'>l</span> 
     </span>
     <span class='ocr_line' id='line_1_37' title="bbox 2180 2286 2185 2330; baseline 0 0"><span class='ocrx_word' id='word_1_262' title='bbox 2180 2286 2185 2330; x_wconf 78' lang='grc' dir='ltr'>ι</span> 
     </span>
    </p>
   </div>
   <div class='ocr_carea' id='block_1_12' title="bbox 2178 2334 2185 2581">
    <p class='ocr_par' dir='ltr' id='par_1_16' title="bbox 2178 2334 2185 2581">
     <span class='ocr_line' id='line_1_38' title="bbox 2178 2334 2185 2581; baseline 0 954"><span class='ocrx_word' id='word_1_263' title='bbox 2178 2334 2185 2581; x_wconf 95' lang='lat' dir='ltr'> </span> 
     </span>
    </p>
   </div>
   <div class='ocr_carea' id='block_1_13' title="bbox 441 2900 2059 2974">
    <p class='ocr_par' dir='ltr' id='par_1_17' title="bbox 441 2900 2059 2974">
     <span class='ocr_line' id='line_1_39' title="bbox 441 2900 2059 2974; baseline -0.019 -9"><span class='ocrx_word' id='word_1_264' title='bbox 441 2929 641 2974; x_wconf 74' lang='lat' dir='ltr'>(Egykoru</span> <span class='ocrx_word' id='word_1_265' title='bbox 667 2927 851 2965; x_wconf 71' lang='lat' dir='ltr'>mzisoIat,</span> <span class='ocrx_word' id='word_1_266' title='bbox 876 2923 1003 2958; x_wconf 79' lang='lat' dir='ltr'>romai</span> <span class='ocrx_word' id='word_1_267' title='bbox 1025 2918 1210 2955; x_wconf 75' lang='lat' dir='ltr'>vatikani</span> <span class='ocrx_word' id='word_1_268' title='bbox 1233 2913 1436 2961; x_wconf 67' lang='lat' dir='ltr'>konyvtar</span> <span class='ocrx_word' id='word_1_269' title='bbox 1459 2912 1552 2946; x_wconf 78' lang='lat' dir='ltr'>vat.</span> <span class='ocrx_word' id='word_1_270' title='bbox 1577 2910 1648 2944; x_wconf 84' lang='lat' dir='ltr'>lat.</span> <span class='ocrx_word' id='word_1_271' title='bbox 1674 2908 1786 2950; x_wconf 86' lang='lat'>6205.</span> <span class='ocrx_word' id='word_1_272' title='bbox 1811 2906 1897 2939; x_wconf 73' lang='lat' dir='ltr'>kot.</span> <span class='ocrx_word' id='word_1_273' title='bbox 1924 2912 1985 2946; x_wconf 91' lang='lat'>91.</span> <span class='ocrx_word' id='word_1_274' title='bbox 2015 2900 2059 2943; x_wconf 89' lang='grc'>1.)</span> 
     </span>
    </p>
   </div>
   <div class='ocr_carea' id='block_1_14' title="bbox 407 2989 1821 3017">
    <p class='ocr_par' dir='ltr' id='par_1_18' title="bbox 407 2989 1821 3017">
     <span class='ocr_line' id='line_1_40' title="bbox 407 2989 1821 3017; baseline -0.022 1"><span class='ocrx_word' id='word_1_275' title='bbox 407 2989 1821 3017; x_wconf 47' lang='grc' dir='ltr'><em>Μ</em></span> 
     </span>
    </p>
   </div>
   <div class='ocr_carea' id='block_1_15' title="bbox 1823 2983 2080 2993">
    <p class='ocr_par' dir='ltr' id='par_1_19' title="bbox 1823 2983 2080 2993">
     <span class='ocr_line' id='line_1_41' title="bbox 1823 2983 2080 2993; baseline 0 542"><span class='ocrx_word' id='word_1_276' title='bbox 1823 2983 2080 2993; x_wconf 95' lang='lat' dir='ltr'> </span> 
     </span>
    </p>
   </div>
   <div class='ocr_carea' id='block_1_16' title="bbox 410 3029 2174 3274">
    <p class='ocr_par' dir='ltr' id='par_1_20' title="bbox 410 3029 2174 3274">
     <span class='ocr_line' id='line_1_42' title="bbox 539 3029 2101 3094; baseline -0.019 -2"><span class='ocrx_word' id='word_1_277' title='bbox 539 3057 550 3078; x_wconf 87' lang='lat'>²</span> <span class='ocrx_word' id='word_1_278' title='bbox 580 3057 781 3092; x_wconf 75' lang='lat' dir='ltr'>Uchanski</span> <span class='ocrx_word' id='word_1_279' title='bbox 824 3055 895 3089; x_wconf 77' lang='lat' dir='ltr'>Pal</span> <span class='ocrx_word' id='word_1_280' title='bbox 935 3053 1037 3088; x_wconf 92' lang='lat' dir='ltr'>belzi</span> <span class='ocrx_word' id='word_1_281' title='bbox 1066 3050 1260 3094; x_wconf 74' lang='lat' dir='ltr'>varnagy,</span> <span class='ocrx_word' id='word_1_282' title='bbox 1290 3046 1353 3080; x_wconf 84' lang='lat' dir='ltr'>kit</span> <span class='ocrx_word' id='word_1_283' title='bbox 1383 3055 1407 3079; x_wconf 82' lang='lat' dir='ltr'>a</span> <span class='ocrx_word' id='word_1_284' title='bbox 1435 3041 1565 3085; x_wconf 72' lang='lat' dir='ltr'>kiraly</span> <span class='ocrx_word' id='word_1_285' title='bbox 1596 3036 1782 3072; x_wconf 75' lang='lat' dir='ltr'>Romaba</span> <span class='ocrx_word' id='word_1_286' title='bbox 1811 3033 1923 3069; x_wconf 76' lang='lat' dir='ltr'>azert</span> <span class='ocrx_word' id='word_1_287' title='bbox 1951 3031 1985 3065; x_wconf 91' lang='lat' dir='ltr'>is</span> <span class='ocrx_word' id='word_1_288' title='bbox 2014 3029 2101 3064; x_wconf 81' lang='lat' dir='ltr'>kiil-</span> 
     </span>
     <span class='ocr_line' id='line_1_43' title="bbox 411 3086 2149 3161; baseline -0.018 -9"><span class='ocrx_word' id='word_1_289' title='bbox 411 3118 527 3151; x_wconf 72' lang='lat' dir='ltr'>dott:</span> <span class='ocrx_word' id='word_1_290' title='bbox 557 3127 624 3161; x_wconf 80' lang='lat' dir='ltr'>per</span> <span class='ocrx_word' id='word_1_291' title='bbox 653 3118 809 3149; x_wconf 85' lang='lat' dir='ltr'>ottener</span> <span class='ocrx_word' id='word_1_292' title='bbox 839 3115 891 3148; x_wconf 88' lang='lat' dir='ltr'>da</span> <span class='ocrx_word' id='word_1_293' title='bbox 922 3113 970 3146; x_wconf 92' lang='lat' dir='ltr'>N.</span> <span class='ocrx_word' id='word_1_294' title='bbox 1004 3111 1166 3155; x_wconf 88' lang='lat' dir='ltr'>Signore</span> <span class='ocrx_word' id='word_1_295' title='bbox 1197 3117 1252 3142; x_wconf 90' lang='lat' dir='ltr'>un</span> <span class='ocrx_word' id='word_1_296' title='bbox 1282 3103 1445 3148; x_wconf 84' lang='lat' dir='ltr'>collegio</span> <span class='ocrx_word' id='word_1_297' title='bbox 1464 3102 1505 3135; x_wconf 90' lang='lat' dir='ltr'>in</span> <span class='ocrx_word' id='word_1_298' title='bbox 1524 3094 1816 3134; x_wconf 89' lang='lat' dir='ltr'>Transilvania‚</span> <span class='ocrx_word' id='word_1_299' title='bbox 1844 3093 1948 3127; x_wconf 90' lang='lat' dir='ltr'>dove</span> <span class='ocrx_word' id='word_1_300' title='bbox 1966 3089 2020 3124; x_wconf 89' lang='lat' dir='ltr'>ha</span> <span class='ocrx_word' id='word_1_301' title='bbox 2038 3086 2149 3135; x_wconf 75' lang='lat' dir='ltr'>gia35</span> 
     </span>
     <span class='ocr_line' id='line_1_44' title="bbox 410 3148 2173 3209; baseline -0.016 0"><span class='ocrx_word' id='word_1_302' title='bbox 410 3174 612 3209; x_wconf 79' lang='lat' dir='ltr'>destinata</span> <span class='ocrx_word' id='word_1_303' title='bbox 630 3174 667 3207; x_wconf 88' lang='lat' dir='ltr'>la</span> <span class='ocrx_word' id='word_1_304' title='bbox 686 3173 816 3207; x_wconf 84' lang='lat' dir='ltr'>chiesa</span> <span class='ocrx_word' id='word_1_305' title='bbox 836 3183 856 3206; x_wconf 91' lang='lat' dir='ltr'>e</span> <span class='ocrx_word' id='word_1_306' title='bbox 874 3171 1060 3205; x_wconf 87' lang='lat' dir='ltr'>l&#39;entrate</span> <span class='ocrx_word' id='word_1_307' title='bbox 1080 3182 1088 3209; x_wconf 89' lang='lat'>;</span> <span class='ocrx_word' id='word_1_308' title='bbox 1105 3160 1534 3201; x_wconf 80' lang='lat' dir='ltr'>WierzbowskiTodor</span> <span class='ocrx_word' id='word_1_309' title='bbox 1550 3171 1558 3192; x_wconf 74' lang='grc' dir='ltr'>ε</span> <span class='ocrx_word' id='word_1_310' title='bbox 1577 3157 1750 3191; x_wconf 87' lang='lat' dir='ltr'>Vincent</span> <span class='ocrx_word' id='word_1_311' title='bbox 1767 3153 1934 3190; x_wconf 88' lang='lat' dir='ltr'>Laureo,</span> <span class='ocrx_word' id='word_1_312' title='bbox 1952 3148 2103 3192; x_wconf 56' lang='lat' dir='ltr'>(aveque</span> <span class='ocrx_word' id='word_1_313' title='bbox 2169 3179 2173 3188; x_wconf 46' lang='lat'>.,</span> 
     </span>
     <span class='ocr_line' id='line_1_45' title="bbox 411 3195 2174 3274; baseline -0.018 -6"><span class='ocrx_word' id='word_1_314' title='bbox 411 3233 460 3267; x_wconf 90' lang='lat' dir='ltr'>de</span> <span class='ocrx_word' id='word_1_315' title='bbox 490 3231 692 3269; x_wconf 77' lang='lat' dir='ltr'>Mondovi,</span> <span class='ocrx_word' id='word_1_316' title='bbox 724 3240 847 3264; x_wconf 88' lang='lat' dir='ltr'>nonce</span> <span class='ocrx_word' id='word_1_317' title='bbox 878 3227 1130 3274; x_wconf 85' lang='lat' dir='ltr'>apostolique</span> <span class='ocrx_word' id='word_1_318' title='bbox 1160 3234 1209 3258; x_wconf 92' lang='lat' dir='ltr'>en</span> <span class='ocrx_word' id='word_1_319' title='bbox 1240 3221 1412 3265; x_wconf 85' lang='lat' dir='ltr'>Pologne</span> <span class='ocrx_word' id='word_1_320' title='bbox 1444 3214 1670 3261; x_wconf 79' lang='lat' dir='ltr'>(Varsovie,</span> <span class='ocrx_word' id='word_1_321' title='bbox 1703 3211 1829 3255; x_wconf 91' lang='lat'>1887.)</span> <span class='ocrx_word' id='word_1_322' title='bbox 1859 3208 1945 3252; x_wconf 81' lang='lat'>583.</span> <span class='ocrx_word' id='word_1_323' title='bbox 1975 3205 2000 3240; x_wconf 91' lang='lat'>1.</span> <span class='ocrx_word' id='word_1_324' title='bbox 2168 3195 2174 3266; x_wconf 70' lang='grc' dir='ltr'>Ι</span> 
     </span>
    </p>
   </div>
  </div>
 </body>
</html>
