2188 3535
60 587 160 612 Marcz.
185 586 226 611 28.

91 1209 158 1248 Apr.
185 1223 225 1242 10.

110 1493 178 1530 Apr.
203 1506 229 1531 9.

114 1633 180 1671 Apr.
203 1648 227 1671 3.

246 184 316 216 104
1006 169 1081 204 No.
1115 180 1161 215 37
1615 171 1736 217 [1580
1763 171 1848 217 apr.
1889 182 1928 208 11

238 292 467 333 Venerant
494 296 539 332 et
566 289 758 332 maiores
779 292 893 330 natu
910 285 1084 341 aliquot
1112 285 1316 335 studiosi,
1346 301 1460 343 quos
1486 287 1522 330 si
1550 288 1609 330 ad
1636 300 1662 343 7
1689 289 1761 331 vel
1788 289 1814 332 8
1841 289 1930 331 col-

239 361 372 417 ligere
405 360 666 416 poterimus,
702 356 886 400 tertiam
919 355 1103 411 insuper
1135 356 1323 399 claisem
1357 357 1577 401 addemus
1610 358 1932 402 humaniorum

239 432 507 473 litterarum.

357 501 477 542 Ill¹¹²us
519 499 726 554 pn'nceps
782 495 1002 552 postridie
1060 496 1312 540 dominicae
1370 498 1631 541 Palmarum
1676 499 1800 541 misit
1844 500 1933 542 huc

241 569 553 613 cancellarium
579 582 725 617 suum,
765 580 858 609 una
888 581 992 609 cum
1019 567 1268 610 architecto
1295 568 1427 618 Italo,
1454 574 1506 610 ut
1533 569 1737 611 aedificia
1762 570 1933 612 schola-
1966 582 1983 610 5

241 654 338 682 rum
355 640 400 681 in
415 638 602 681 civitate
617 643 661 680 et
683 636 1010 680 monasterium
1029 637 1305 680 habitationi
1325 644 1506 681 nostrae
1527 639 1936 682 accomodaretur.³

242 711 403 766 Itaque
426 708 654 751 communi
678 721 899 750 consensu
921 708 1138 763 elegimus
1159 708 1309 751 locum
1333 709 1392 751 ad
1415 709 1462 751 id
1484 709 1771 766 aptissimum
1795 724 1934 766 prope

239 779 577 828 monasterium,
610 778 689 820 ubi
719 783 826 821 ante
857 778 1076 820 moniales
1105 779 1388 829 habitarunt,
1416 780 1495 822 ubi
1517 785 1787 822 extruentur
1808 781 1934 824 scho-

238 851 306 892 lae
331 860 371 903 5,
397 863 489 891 una
514 863 616 891 cum
641 849 891 905 porticibus
916 854 960 891 et
987 849 1207 891 columnis
1232 863 1286 892 ex
1311 855 1506 906 utraque
1530 855 1660 906 parte
1681 864 1690 902 ;
1722 865 1827 893 area
1850 851 1934 894 erit

239 919 349 962 satis
379 920 543 976 ampla.
576 920 730 962 Tertia
759 919 898 961 etiam
927 933 1032 975 pars
1062 934 1143 961 suo
1172 924 1376 975 tempore
1406 920 1564 963 eodem
1593 921 1730 963 modo
1760 921 1935 964 absolvi
1951 934 1986 962 10

239 990 419 1047 poterit.
441 990 583 1032 Nobis
601 990 739 1032 etiam
758 990 804 1031 in
822 990 1097 1032 monasterio
1116 990 1353 1045 aptabitur
1370 991 1613 1048 antiquum
1631 992 1933 1041 refectorium,

239 1074 331 1103 una
351 1075 454 1103 cum
477 1061 687 1116 dispensa
709 1066 753 1103 et
776 1060 938 1110 culina,
963 1065 1007 1103 et
1030 1075 1167 1116 supra
1187 1074 1215 1115 4
1235 1074 1402 1116 magna
1421 1062 1721 1118 hypocausta,
1745 1067 1791 1104 et
1813 1063 1936 1105 cubi-

239 1131 341 1173 cula
373 1145 454 1187 pro
487 1131 615 1173 lectis
647 1131 886 1173 minimum
920 1143 987 1173 20.
1023 1131 1192 1173 Totum
1225 1132 1365 1174 etiam
1397 1133 1725 1175 monasterium
1758 1138 1938 1188 tegetur

241 1201 402 1244 denuo.
433 1201 542 1244 Heri
569 1202 691 1243 misit
719 1202 927 1257 princeps
954 1201 1067 1244 duos
1094 1216 1247 1258 equos,
1277 1202 1355 1258 qui
1384 1216 1583 1253 arenam,
1615 1217 1694 1246 seu
1727 1204 1936 1246 sabulum

241 1275 424 1314 tantum
460 1272 705 1314 advehant.
739 1272 1116 1316 Aedificabuntur
1151 1278 1307 1315 autem
1341 1273 1504 1316 similia
1538 1273 1704 1324 omnia,
1738 1273 1855 1316 idest
1890 1279 1936 1316 et
1954 1286 1988 1315 15

241 1342 433 1392 scholae,
460 1347 505 1385 et
529 1342 838 1385 habitationes
862 1348 1134 1392 nostrorum,
1177 1348 1229 1385 ut
1254 1348 1386 1385 tanto
1412 1343 1545 1386 citius
1569 1344 1869 1387 absolvantur
1892 1349 1937 1387 et

242 1426 323 1455 nos
347 1412 394 1455 in
421 1418 595 1455 aestate
620 1413 812 1469 migrare
834 1413 1069 1468 possimus.

358 1483 480 1526 Misit
520 1484 658 1526 etiam
698 1489 804 1526 ante
844 1483 1047 1526 triduum
1087 1484 1295 1540 princeps
1333 1499 1496 1527 vaccas
1535 1496 1559 1539 5
1600 1499 1704 1528 curn
1743 1485 1937 1528 totidem

242 1553 398 1595 vitulis
421 1554 480 1596 ad
502 1554 819 1596 instruendum
842 1560 1049 1596 nostrum
1073 1554 1322 1609 praedium,
1349 1555 1473 1611 quod
1495 1555 1582 1597 fuit
1606 1570 1788 1612 prorsus
1811 1556 1938 1599 deso-

240 1623 399 1666 latum.
434 1625 743 1680 Expectamus
774 1625 832 1667 ab
862 1625 1020 1666 eodem
1051 1639 1158 1667 oves
1188 1625 1327 1667 etiam
1358 1630 1403 1668 et
1434 1626 1587 1669 boves.
1621 1626 1705 1669 Die
1736 1627 1988 1669 Paschaezo

241 1694 411 1736 subditi
451 1695 607 1744 nostri,
648 1709 740 1737 una
779 1709 882 1737 cum
921 1695 1155 1737 catholicis
1194 1710 1249 1738 ex
1288 1696 1490 1746 civitate,
1531 1702 1720 1753 accepto
1758 1711 1937 1740 summo

241 1779 374 1807 mane
409 1779 463 1807 ex
499 1765 670 1821 templo
705 1770 862 1807 nostro
897 1765 1024 1821 signo
1047 1765 1270 1815 Crucifixi,
1308 1767 1603 1809 ambularunt
1638 1782 1718 1823 per
1752 1781 1938 1824 campos

240 1849 382 1891 usque
415 1835 474 1877 ad
506 1836 705 1878 vicinum
740 1850 907 1891 pagum
941 1836 1080 1885 Bach,
1117 1841 1357 1879 cantantes
1390 1837 1666 1880 cantilenam
1698 1839 1765 1881 De
1796 1853 1938 1881 resur-

240 1907 422 1948 rectione
451 1908 648 1955 Domini,
698 1906 947 1949 secundum
977 1911 1177 1949 veterem
1208 1908 1583 1950 consuetudinem
1613 1913 1659 1951 et
1689 1913 1850 1965 postea
1878 1909 1938 1951 ad

240 1976 501 2019 concionem
531 1982 575 2019 et
606 1991 783 2019 sacrum
814 1982 920 2019 sunt
951 1977 1129 2020 reversi.
1182 1978 1327 2020 Erant
1358 1983 1514 2021 autem
1544 1979 1604 2021 ad
1633 1992 1718 2034 400
1747 1984 1793 2022 et
1823 1980 1990 2022 bene25

240 2047 418 2096 armati,
450 2047 589 2089 etiam
618 2047 892 2090 bombardis

356 2118 480 2160 Haec
499 2118 652 2167 habui,
674 2132 790 2174 quae
807 2132 928 2160 nunc
947 2120 1001 2161 R.
1024 2119 1071 2161 P.
1093 2119 1216 2161 Tuae
1234 2118 1531 2175 significanda
1549 2134 1643 2163 esse
1661 2120 1935 2163 existimavi.

241 2187 374 2229 Faxit
411 2189 546 2238 Deus,
583 2194 635 2230 ut
670 2189 716 2230 in
750 2193 984 2245 posterum
1018 2189 1150 2244 plura
1183 2194 1229 2231 et
1263 2190 1437 2232 maiora
1470 2190 1663 2233 scribere
1697 2191 1934 2248 possimus.

241 2258 288 2299 P.
320 2258 578 2301 Ludovicus
605 2260 723 2301 Alba
750 2259 954 2302 nondum
981 2259 1129 2304 rediit.
1161 2261 1325 2317 Itaque
1354 2266 1580 2317 quantum
1608 2261 1670 2304 ibi
1697 2261 1938 2318 profecerit

240 2344 331 2371 una
353 2344 455 2371 cum
479 2330 527 2372 P.
553 2330 724 2372 Lelesio
763 2330 968 2372 nondum
1003 2330 1106 2373 scio.
1147 2330 1320 2373 Scribet
1342 2331 1439 2387 ipse
1461 2337 1621 2388 postea
1644 2333 1698 2375 R.
1724 2333 1772 2375 P.
1797 2333 1935 2375 Tuae.
1952 2346 1990 2374 30

242 2400 524 2442 Fasciculum
547 2400 780 2443 literarum
804 2401 863 2443 ad
887 2402 940 2444 R.
968 2401 1016 2444 P.
1043 2401 1374 2444 Provincialem
1398 2403 1452 2445 R.
1479 2403 1528 2445 P.
1554 2403 1678 2445 Tuae
1701 2403 1939 2459 diligenter

242 2471 522 2520 commendo,
554 2476 606 2512 ut
638 2471 677 2513 ei
707 2471 967 2528 ubicunque
997 2477 1078 2521 est,
1112 2472 1451 2528 quamprimum
1481 2473 1745 2516 reddantur.
1779 2473 1939 2516 Nullas

243 2541 301 2583 ab
328 2541 424 2596 ipso
451 2541 603 2583 literas
638 2542 804 2597 accepi,
846 2542 931 2584 nisi
957 2543 1180 2585 Varsavia
1206 2548 1309 2599 post
1337 2543 1534 2599 primum
1561 2558 1665 2586 cum
1694 2544 1836 2600 Regia
1863 2542 1941 2587 Mte

243 2612 528 2667 colloquium.
567 2613 773 2668 Expecto
801 2612 912 2656 alias
941 2613 1094 2669 ipsius,
1127 2617 1227 2655 tum
1259 2613 1313 2655 de
1343 2614 1477 2669 plena
1507 2614 1775 2657 fundatione
1805 2614 1939 2657 huius

244 2681 429 2737 collegii,
454 2687 553 2724 tum
582 2683 637 2725 de
660 2683 773 2736 aliis,
796 2698 912 2740 quae
935 2698 1039 2726 cum
1064 2683 1206 2740 Regia
1228 2681 1306 2726 Mte
1326 2689 1455 2726 erant
1479 2684 1782 2740 transigenda.
1810 2685 1938 2727 Com·
1953 2699 1990 2726 35

374 2782 388 2802 ³
416 2783 473 2816 ΑΖ
505 2783 652 2828 epitesz
685 2785 959 2829 meregeteseit
991 2784 1117 2825 latva,
1150 2796 1174 2819 a
1206 2785 1338 2820 varosi
1368 2785 1509 2820 tanaes
1546 2787 1642 2830 1580
1674 2786 1809 2831 aprilis
1843 2787 1941 2821 2—iki

245 2840 551 2886 kozgyfilesebol
591 2841 810 2877 utasitotta
838 2854 861 2877 a
889 2843 1020 2877 bitot:
1063 2843 1207 2888 talalja
1245 2854 1334 2888 meg
1370 2844 1548 2878 urunkat
1571 2843 1595 2878 ὅ
1623 2843 1860 2890 Nagysagat
1898 2845 1940 2879 es

247 2900 534 2944 konyorogjen,
574 2899 679 2944 hogy
707 2900 730 2933 ὅ
758 2901 976 2947 Nagysaga
999 2903 1061 2946 [az
1103 2902 1302 2946 jezsuitak
1337 2903 1524 2947 epuletit]
1559 2913 1607 2937 ne
1634 2903 1846 2938 szallitana
1870 2905 1940 2940 1ςό-

248 2958 404 2992 zfinkbe
429 2957 492 2991 ide
520 2968 566 2991 az
590 2959 776 2999 varasba,
810 2963 914 2994 mert
941 2971 1049 3005 nagy
1074 2961 1455 3006 egyenetlensegtfil,
1484 2960 1773 3006 haborusagtul
1798 2961 1877 2996 selo
1902 2963 1939 2997 a'

248 3016 378 3060 dolog,
407 3015 471 3049 so't
499 3015 786 3050 varasunknak
812 3017 845 3051 is
872 3018 1120 3064 szabadsaga
1142 3019 1242 3054 kezd
1271 3019 1568 3054 veszedelembe
1597 3019 1744 3055 miatta
1770 3020 1990 3066 forogni.4o

249 3068 280 3108 Ο
309 3073 605 3119 Nagysaganak
631 3074 725 3108 nam
748 3074 789 3120 jo
814 3076 927 3121 helye
951 3087 1112 3122 vagyon
1139 3077 1400 3112 Monostoron
1427 3077 1472 3118 is,
1505 3088 1529 3113 a
1548 3078 1632 3112 hun
1650 3078 1765 3113 affele
1783 3078 1941 3114 scholat

249 3132 415 3177 epithet.
450 3134 500 3175 (A
526 3132 658 3168 varosi
690 3133 860 3176 158o-iki
885 3134 1166 3181 Jegyzokonyv
1196 3145 1280 3179 217.
1309 3135 1354 3181 l.)
