2188 3535
749 224 891 260 Eldszo
920 247 970 252 —
996 226 1200 263 Praefatio

129 339 275 388 Cseh-‚
300 337 497 387 Nemet-‚
524 337 756 392 Lengyel-,
781 338 941 380 Orosz-

129 410 284 463 orszag
311 409 356 450 es
386 407 630 458 Romania,
660 408 884 450 valamint
914 424 941 451 a

128 479 342 529 Vatikan‚
382 479 530 521 Roma
566 479 612 520 es
647 479 941 534 Olaszorszag

129 549 280 591 allami
322 550 368 592 e's
410 549 938 606 maganleveltaraiban;

128 634 153 662 a
179 621 300 662 hova
326 620 461 676 pedig
489 635 595 662 nem
623 621 854 675 juthatott
884 621 937 670 el,

127 691 242 732 mint
298 692 358 746 pl.
418 691 741 741 Hollandiaba‚
800 691 940 733 Fran-

126 761 252 811 czia-,
277 762 457 818 Angol-,
483 762 625 805 Sved-
649 764 695 805 es
720 762 940 818 Spanyol-

126 833 356 888 orszagba‚
395 834 603 876 mindent
643 836 939 890 megszerzett

124 902 468 946 leveltaraikbol
515 905 676 947 hiteles
725 904 939 947 masolat-

124 973 229 1023 ban,
256 987 283 1015 a
307 974 371 1016 mi
395 975 654 1018 kiilonbozo
680 975 939 1018 koteteihez

125 1047 364 1088 tartozott.

184 1114 520 1171 Gyiijtemenye
590 1117 823 1172 targyarffl
893 1117 938 1158 es

122 1199 472 1255 gazdagsagarol
506 1200 646 1242 hiven
681 1200 937 1254 tajekoztat

121 1294 144 1322 e
182 1282 310 1323 kotet
349 1282 494 1337 ve'gen
535 1282 777 1323 olvashato
814 1281 939 1336 jegy-

121 1364 242 1406 zeke.
290 1365 356 1406 Ez
401 1365 632 1419 magaban
679 1363 866 1418 foglalja
911 1376 939 1404 a

124 1445 366 1488 Szentszek
401 1447 447 1488 es
482 1460 535 1488 az
573 1446 760 1501 egykori
795 1445 938 1488 romai

120 1532 245 1570 szent
269 1528 525 1570 birodalom
550 1528 846 1583 valamennyi
870 1542 938 1570 or-

120 1612 274 1666 szagat
320 1624 341 1652 s
386 1611 685 1653 mindazokat
732 1625 784 1653 az
831 1612 938 1653 alla-

119 1694 292 1743 mokat,
344 1694 600 1750 melyekkel
651 1694 841 1749 Erdely-
892 1695 937 1736 e's

121 1777 468 1832 Magyarorszag
516 1777 938 1818 osszekottetesben

105 1860 252 1902 allott.
299 1860 613 1902 Vallalatunk
655 1860 787 1901 tehat
834 1860 938 1902 Ma-

121 1943 379 1998 gyarorszcig
416 1957 436 1985 s
476 1957 503 1986 a
540 1943 626 1985 vele
661 1943 837 1986 hatdros
873 1957 938 1985 or-

122 2026 278 2081 szoigok
331 2025 544 2082 ne'peinek
598 2026 774 2081 multjcit
826 2026 938 2067 vila-

120 2107 235 2163 gitja
258 2122 359 2163 meg
384 2109 430 2151 e's
455 2108 501 2163 ὑ]
530 2108 797 2150 kotetekkel
819 2108 939 2163 jarul

122 2204 170 2232 ez
212 2191 411 2234 allamok
453 2191 775 2234 tortenetenek
818 2205 938 2246 meg-

121 2273 223 2316 levo
236 2274 527 2318 forrasaihoz.
544 2276 609 2317 Ez
623 2275 760 2331 pedig
779 2274 938 2329 annyi-

119 2356 195 2397 val
253 2356 427 2399 inkabb
487 2357 753 2413 lehetsefiges,
816 2358 938 2412 hogy

116 2441 363 2494 anyagunk
380 2464 439 2471 --
455 2441 558 2496 targ
566 2440 705 2495 yanal
726 2440 864 2495 fogva
881 2465 938 2471 —

119 2522 426 2577 nagyre'szben
452 2522 616 2578 idegen
644 2522 815 2576 nyelvii
838 2536 845 2564 z
873 2522 937 2563 la-

119 2602 202 2653 tin,
240 2605 374 2655 olasZ,
412 2606 567 2648 nemet
605 2606 650 2648 es
687 2606 881 2662 spanyol
916 2620 937 2647 s

119 2684 195 2740 igy
239 2686 504 2729 mindeniitt
552 2689 769 2744 konnyen
815 2703 936 2745 meg-

122 2767 312 2812 ertheto.
340 2769 639 2813 Vallalatunk
666 2771 936 2827 ennelfogva

122 2863 174 2891 az
206 2851 333 2906 egesz
365 2852 541 2894 mi'ivelt
575 2853 699 2909 vilag
730 2856 936 2909 tamoga-

122 2932 273 2975 tasara
301 2935 466 2977 szamit
498 2936 544 2978 es
575 2936 935 2992 tamogatasatol

122 3015 273 3057 remeli
310 3017 651 3060 fenmaradasat
691 3019 737 3060 es
774 3032 935 3074 gyara-

123 3091 315 3144 podasat
341 3118 399 3125 -
424 3108 514 3145 ma,
542 3109 570 3137 a
598 3095 935 3137 forraskiadva-

123 3168 245 3221 nyok
258 3169 476 3221 koraban‚
493 3172 653 3214 midon
670 3187 696 3215 a
712 3173 935 3214 tortenet-

1745 226 1826 262 VII

1013 339 1083 381 vis
1104 339 1297 395 publicis
1319 343 1363 381 et
1386 338 1578 394 privatis
1600 339 1824 390 Austriae,

1015 410 1275 460 Bohemiae,
1343 410 1626 461 Germaniae,
1698 410 1828 453 Polo-

1013 481 1128 531 niae,
1162 481 1367 531 Russiae,
1400 481 1652 523 Romaniae
1680 497 1828 538 neque

1014 552 1157 593 secius
1177 551 1404 601 Vaticani,
1438 552 1634 593 Romani
1661 556 1705 594 et
1735 553 1829 594 Ita-

1012 621 1124 671 liae;
1176 623 1338 664 exinde
1387 622 1586 678 quidem,
1625 637 1716 679 quo
1749 624 1828 665 ad-

1013 692 1166 735 venire
1210 708 1300 735 non
1341 694 1509 748 potuit,
1552 698 1604 736 ut
1647 709 1702 736 ex
1731 708 1827 750 reg—

1013 763 1082 805 nis
1103 764 1389 813 Hollandiae‚
1412 765 1826 820 ancogallorum,

1015 834 1355 884 Britannorum,
1389 834 1641 877 Suevorum
1671 839 1716 877 et
1746 836 1827 877 Hi-

1013 905 1336 959 spaniensium,
1391 904 1439 946 in
1493 906 1828 961 exemplaribus

1012 976 1100 1017 fide
1155 975 1429 1030 dignissimis
1483 977 1636 1019 omnia
1689 978 1828 1019 variis

1013 1046 1324 1088 voluminibus
1347 1047 1604 1101 acquisivit.

1072 1117 1407 1171 Argumentum
1448 1122 1492 1159 et
1535 1118 1715 1173 copiam
1753 1120 1826 1161 lit-

1012 1191 1215 1229 terarum
1256 1201 1282 1228 a
1323 1201 1369 1229 se
1421 1188 1714 1230 collectarum
1753 1204 1826 1231 ac-

1013 1262 1169 1299 curate
1197 1262 1361 1299 notum
1388 1258 1537 1300 reddit
1566 1259 1717 1309 index,
1747 1260 1826 1315 qui

1012 1328 1118 1370 huic
1170 1328 1393 1370 volumini
1442 1329 1715 1372 adnectitur.
1764 1331 1825 1372 Et

1012 1401 1097 1442 hoc
1112 1399 1260 1441 indice
1276 1400 1644 1454 complectuntur
1662 1414 1669 1442 :
1692 1400 1827 1442 Sacra

1014 1471 1150 1513 Sedes
1207 1470 1472 1525 Apostolica
1550 1475 1594 1511 et
1674 1472 1827 1513 omnia

1013 1542 1192 1597 antiqui
1236 1542 1358 1584 Sacri
1403 1542 1586 1597 Imperii
1630 1543 1827 1584 Romani

1012 1628 1163 1669 regna,
1201 1627 1306 1655 cum
1342 1613 1508 1672 quibus
1544 1613 1652 1655 olim
1686 1614 1828 1655 Tran-

1011 1684 1221 1739 sylvania
1239 1688 1282 1725 et
1302 1683 1540 1739 Hungaria
1557 1684 1828 1726 coniunctae

1011 1757 1210 1798 fuerunt.
1234 1756 1476 1810 Inceptum
1495 1769 1598 1810 ergo
1617 1759 1827 1797 nostrum

1010 1828 1209 1869 illustrat
1258 1841 1326 1868 res
1375 1826 1644 1881 praeteritas
1696 1826 1826 1867 Hun-

1015 1899 1163 1954 gariae
1200 1902 1236 1940 et
1274 1912 1421 1940 eorum
1451 1911 1698 1952 regnorum,
1728 1911 1826 1939 cum

1014 1970 1172 2026 quibus
1183 1969 1332 2025 aliquo
1345 1969 1467 2010 modo
1479 1967 1826 2010 coniunctionem

1013 2041 1220 2083 habuerat
1245 2046 1289 2083 et
1316 2054 1436 2082 nova
1461 2038 1696 2080 volumina
1721 2052 1825 2079 con-

1012 2113 1099 2154 fert
1132 2113 1192 2154 ad
1224 2113 1373 2154 fontes
1406 2111 1652 2152 existentes
1683 2109 1824 2150 histo-

1011 2184 1103 2226 riae
1133 2197 1375 2238 regnorum
1404 2182 1597 2222 illorum.
1632 2180 1687 2222 Id
1716 2193 1823 2221 vero

1012 2269 1064 2296 eo
1086 2254 1230 2309 magis
1252 2253 1486 2309 probabile
1508 2265 1602 2293 esse
1624 2250 1821 2298 videtur,

1011 2325 1136 2381 quod
1174 2323 1366 2365 materia
1404 2326 1561 2364 nostra
1587 2346 1645 2352 —
1670 2320 1823 2376 quoad

1012 2399 1335 2451 argumentum
1405 2419 1462 2424 ——-
1533 2407 1700 2448 magna
1767 2406 1823 2433 ex

1010 2471 1140 2521 parte
1179 2465 1438 2520 linguarum
1477 2465 1708 2506 variarum
1747 2463 1820 2512 sit,

1011 2542 1054 2578 et
1082 2537 1268 2592 quidem
1292 2537 1472 2592 linguae
1497 2535 1702 2584 Latinae,
1730 2534 1823 2576 Ita-

1010 2607 1135 2657 licae,
1166 2607 1460 2649 Germanicae
1481 2611 1525 2648 et
1548 2605 1823 2660 Hispanicae

1012 2682 1056 2720 et
1091 2679 1176 2720 hoc
1215 2678 1350 2720 modo
1397 2677 1567 2733 ubique
1612 2675 1823 2730 intelligi-

1009 2753 1098 2791 tur.
1130 2749 1199 2790 Ea
1229 2749 1284 2791 de
1313 2763 1451 2791 causa
1479 2749 1716 2802 inceptum
1744 2761 1823 2788 no-

1009 2824 1157 2862 strum
1197 2820 1255 2861 ab
1297 2820 1509 2862 omnibus
1550 2818 1697 2861 doctis
1738 2817 1823 2858 ful-

1010 2890 1222 2933 ciendum
1251 2895 1445 2946 putatur
1475 2894 1519 2932 et
1550 2890 1713 2931 horum
1744 2887 1822 2928 ad-

1009 2961 1214 3003 iumento
1244 2961 1414 3017 sperari
1440 2964 1592 3016 potest
1620 2959 1822 3001 eiusdem

1008 3032 1291 3087 perpetuitas
1333 3037 1377 3075 et
1419 3044 1692 3087 progressus,
1735 3029 1820 3069 hac

1008 3102 1194 3158 quidem
1234 3108 1386 3145 aetate
1426 3106 1583 3144 nostra
1623 3099 1821 3141 fontium

1009 3178 1500 3228 monumentorumque
1510 3173 1564 3214 de
1573 3171 1821 3222 nominata,
