2188 3535
363 189 432 222 252
1129 170 1202 203 No·
1235 170 1282 213 84
1751 170 1865 215 [1583
1899 169 1996 204 febr.
2036 182 2050 207 1

364 301 542 338 nostrae
589 289 838 336 voluntatis
885 287 1138 331 evidentius
1186 285 1498 328 testimonium
1546 287 1628 328 has
1675 286 1828 329 literas
1875 291 2056 330 nostras

365 379 503 408 manu
540 368 693 405 nostra
730 358 1019 413 subscriptas,
1059 356 1200 412 sigillo
1238 361 1393 399 nostro
1430 356 1670 406 secretiori,
1711 371 1801 412 quo
1839 357 1884 399 in
1921 358 2056 400 rebus

362 431 721 489 Transylvanicis
753 428 937 476 utimur,
972 426 1240 469 communiri
1273 426 1497 469 iussimus.
1659 438 1661 440 ·

490 504 660 545 Datum
697 500 741 541 in
778 512 878 540 arce
913 502 1069 539 nostra
1100 497 1221 553 regia
1261 497 1634 553 Nepolomicensi,
1674 498 1742 540 28.
1783 497 1855 540 die
1891 498 2058 541 mensis

360 572 576 629 Januarii.
617 572 749 612 Anno
788 567 971 610 Domini
1011 567 1135 622 1583.
1178 568 1321 624 Regni
1359 582 1466 610 vero
1504 568 1647 611 nostri
1685 582 1804 611 anno
1843 569 2091 625 septimos

418 642 673 697 Stephanus
704 640 803 681 Rex
835 652 948 694 mpr.
1405 639 1628 681 Martinus
1660 639 1715 681 de
1747 639 1986 683 Berzeuice

1475 709 1776 752 Cancellarius
1797 724 1911 766 mpr.

361 801 405 844 (A
427 797 910 843 Hevenesi-gyiijtenieny
928 797 1014 831 mar
1028 807 1120 831 nem
1134 796 1262 832 letezc')
1276 798 1322 831 V.
1339 798 1479 833 kotete
1494 807 1577 841 179.
1592 797 1763 843 lapjarol
1782 802 1873 834 vett
1892 799 2064 834 masolat

445 870 469 893 a
497 858 549 892 M.
578 857 627 891 N.
659 857 845 891 Muzeum
880 857 987 891 1280.
1015 855 1157 900 Quart.
1185 856 1274 890 Lat.
1305 856 1360 891 II.
1389 858 1528 892 kotete
1555 867 1770 892 211—212.
1803 857 1974 904 lapjan.)

484 932 534 970 M
538 932 750 983 egjegyzds.
787 930 1145 981 Helybenhagyta
1176 931 1219 969 es
1250 932 1529 981 megerositve
1560 931 1655 982 ujra
1687 932 1836 972 kiadta
1868 933 2063 985 Bathory
2076 949 2113 977 10

357 991 580 1043 Zsigmond
614 989 832 1042 fejedelem
865 989 1244 1042 Gyulafejervartt,
1279 990 1383 1040 1584
1414 990 1544 1042 julius
1577 991 1758 1040 25-iken.

1175 1117 1246 1161 84.

741 1217 1054 1272 Niepotomice,
1089 1218 1203 1271 1583
1232 1218 1480 1272 februarius
1512 1231 1551 1260 1.

382 1323 572 1373 Bathory
613 1321 760 1360 Istvan
799 1320 935 1372 kiraly
974 1321 1018 1360 P.
1051 1321 1278 1373 Aquaviva
1317 1321 1491 1362 Claudio
1529 1322 2030 1375 jezsuita-generalisnak.

483 1416 599 1462 Ke‘rz',
636 1415 804 1466 kuldjo'n
841 1416 1034 1467 Erdfilybe
1069 1427 1176 1467 3——4
1200 1417 1387 1468 jezsm'ta't
1410 1430 1428 1456 s
1453 1418 1594 1457 koztuk
1619 1431 1642 1457 a
1665 1418 1797 1458 tanult
1820 1419 1869 1458 P.
1895 1419 1947 1457 M
1950 1419 2059 1459 aldo·
2076 1436 2113 1464 15

356 1476 447 1514 nati
478 1475 639 1525 Jcinost.

494 1558 752 1613 Stephanus
768 1557 851 1600 Dei
867 1558 1013 1614 gratia
1029 1573 1106 1601 rex
1125 1559 1337 1602 Poloniae
1354 1564 1437 1602 etc.
1459 1560 1674 1617 Princeps
1690 1561 2058 1617 Transylvaniae.

492 1628 772 1671 Venerabilis
806 1630 942 1672 Pater
976 1629 1139 1672 devote
1173 1630 1303 1673 nobis
1337 1630 1512 1673 dilecte.

490 1700 820 1742 Commendata
834 1699 964 1742 nobis
977 1705 1044 1743 est
1059 1700 1305 1756 plurimum
1319 1701 1556 1758 singularis
1569 1702 1776 1752 eruditio,
1793 1717 2062 1760 morumque

357 1769 594 1826 integritas
615 1765 693 1813 Vlis
715 1772 762 1813 P.
787 1771 978 1826 Joannis
1010 1771 1262 1814 Maldonati
1291 1787 1345 1814 ex
1376 1772 1604 1815 Societate
1632 1774 1806 1816 Vestra.
1839 1773 1949 1817 Eius
1977 1774 2062 1816 viri
2075 1788 2114 1816 20

358 1841 415 1883 ad
457 1841 763 1884 confutandos
803 1842 1066 1892 haereticos,
1110 1843 1187 1899 qui
1229 1843 1489 1899 frequentes
1531 1849 1637 1886 sunt
1679 1844 1725 1886 in
1766 1858 1902 1901 regno
1943 1859 2058 1895 meo,

356 1911 584 1954 maximus
614 1918 729 1955 esset
760 1927 881 1962 usus,
914 1927 1005 1955 non
1036 1913 1130 1956 sine
1161 1913 1324 1970 insigni
1355 1919 1400 1957 et
1432 1914 1635 1957 evidenti
1666 1915 1817 1958 fructu
1849 1915 2061 1959 ecclesiae

356 1982 451 2031 Dei,
478 1983 536 2025 ob
559 1982 695 2039 idque
729 1983 1084 2040 supplicavimus
1117 1999 1196 2041 per
1227 1985 1381 2028 literas
1414 1990 1594 2028 nostras
1627 1980 1682 2028 Sti
1727 1987 1857 2038 Suae,
1881 1991 1934 2029 ut
1967 1986 2061 2029 eius

356 2052 438 2094 viri
476 2053 653 2109 copiam
691 2055 819 2096 nobis
856 2055 994 2097 faciat
1032 2060 1170 2111 atque
1208 2056 1347 2098 etiam
1385 2056 1496 2099 alios
1547 2057 1660 2099 duos
1709 2062 1858 2099 tresne
1907 2062 2061 2113 patres

355 2124 625 2167 excellenter
656 2125 813 2168 doctos
843 2140 925 2182 pro
956 2126 1301 2182 Transylvania‚
1336 2141 1451 2183 quos
1481 2127 1567 2184 ipsi
1599 2127 1806 2171 diversae
1836 2128 2060 2184 religionis
2075 2143 2112 2171 25

356 2195 563 2238 homines
590 2196 651 2238 ad
678 2196 943 2252 aperiendos
983 2197 1068 2240 illis
1110 2198 1262 2240 oculos
1290 2203 1528 2254 expetunt,
1573 2198 1634 2240 illi
1662 2198 1894 2255 adiungat.
1925 2200 1965 2242 A
1994 2198 2059 2241 Pte

358 2279 538 2321 quoque
563 2267 662 2309 Tua
686 2268 984 2323 postulamus,
1012 2273 1064 2310 ut
1090 2283 1193 2311 eum
1219 2268 1369 2325 ipsum
1396 2270 1444 2311 P.
1473 2269 1699 2324 Joannem
1725 2270 2057 2319 Maldonatum,

357 2336 574 2379 adhibitis
599 2337 661 2379 illi
688 2338 862 2394 aliquot
889 2339 1032 2388 sociis,
1060 2339 1179 2382 inter
1204 2354 1318 2395 quos
1344 2339 1639 2396 discupimus,
1667 2345 1719 2382 ut
1747 2342 1794 2383 P.
1823 2340 2059 2397 Aloysium

358 2406 666 2459 Odescalcum,
693 2408 728 2451 si
752 2409 982 2452 convaluit
1007 2410 1078 2452 vel
1101 2410 1136 2452 si
1159 2415 1286 2453 aetas
1315 2416 1395 2453 aut
1426 2411 1643 2453 valetudo
1672 2411 1766 2454 eius
1794 2426 1885 2454 non
1907 2410 2055 2462 ferret,

359 2477 402 2518 in
429 2477 523 2519 eius
548 2479 696 2522 locum
722 2480 790 2522 sui
817 2480 1008 2523 similem
1032 2481 1296 2530 habeamus,
1325 2481 1666 2537 quamprimum
1692 2482 1752 2525 ad
1776 2496 1858 2525 nos
1883 2481 2054 2525 mittat.
2072 2497 2110 2525 30

361 2547 531 2589 Fecerit
559 2550 816 2593 Paternitas
841 2552 939 2594 Tua
963 2551 1173 2594 ecclesiae
1199 2552 1283 2595 Dei
1308 2566 1404 2595 rem
1430 2567 1612 2608 prorsus
1637 2552 1810 2602 utilem,
1837 2552 2058 2609 nobisque

359 2623 549 2669 gratam,
584 2634 720 2675 quam
752 2636 834 2664 nos
864 2622 987 2664 omni
1018 2622 1167 2665 officio
1198 2627 1338 2679 atque
1369 2623 1687 2666 benevolentia
1718 2637 2054 2679 prosequemur.

361 2687 482 2729 Bene
513 2690 663 2732 valeat
697 2692 954 2735 Paternitas
984 2693 1094 2736 Tua.

493 2759 664 2803 Datum
706 2762 1053 2818 Niepolomiciis‚
1089 2763 1160 2807 die
1195 2776 1231 2807 1.
1267 2763 1512 2807 Februarii.
1547 2765 1679 2807 Anno
1713 2763 1896 2807 Domini
1927 2764 2051 2818 1583.

362 2828 503 2883 Regni
534 2843 639 2872 vero
669 2833 809 2874 nostri
839 2848 958 2876 anno
988 2834 1194 2891 septimo.
2068 2851 2107 2878 35

492 2899 748 2955 Stephanus
781 2905 878 2946 Rex
912 2919 1025 2961 mpr.

485 2991 695 3031 Killczime
714 3007 726 3032 .·
747 2991 822 3033 Rd0
839 2995 880 3034 in
902 2996 1067 3036 Christo
1089 2997 1205 3036 Patri
1234 2996 1405 3036 domino
1420 2996 1594 3037 Claudio
1608 2996 1846 3049 Aquaviva,
1863 2997 2056 3038 Generali

360 3048 578 3089 Societatis
611 3051 724 3101 Jesu,
759 3054 914 3094 sincere
946 3055 1067 3095 nobis
1098 3055 1263 3095 dilecto.

755 3132 944 3174 (Eredeti‚
974 3145 997 3169 a
1027 3135 1321 3180 Jezsuita-rend
1349 3134 1655 3179 leveltaraban.)
