2188 3535
351 203 422 238 150
1108 193 1183 229 No.
1220 204 1264 241 57
1714 199 1828 246 [1581
1865 210 1954 246 aug.
1993 204 2037 237 18

345 312 604 355 consiliariis
652 311 875 368 principis,
925 311 1028 354 licet
1076 312 1325 363 haereticis,
1375 315 1521 371 regiae
1569 316 1799 360 voluntati
1846 317 1912 360 ita
1942 331 2038 361 sese

345 383 770 425 accomodantibus:
809 387 860 423 ut
899 387 1076 425 nostros
1114 398 1384 440 magnopere
1422 385 1664 429 videantur
1695 387 1899 431 revereri.
1933 389 2037 431 Non

344 453 582 495 defuerunt
604 458 757 495 tamen
778 452 1084 503 difficultates,
1107 467 1188 496 nec
1209 455 1358 498 adhuc
1378 456 1542 499 desunt
1563 458 1680 500 circa
1699 458 2036 502 institutionem

342 523 457 564 hanc
499 522 723 578 principiS,
767 536 880 578 quas
922 529 1148 579 quantum
1189 526 1440 581 poterimus
1481 528 1553 571 vel
1593 529 1920 584 superabimus,
1964 530 2036 574 vel

341 593 662 635 sustinebimus
705 593 941 649 tantisper,
987 595 1129 638 donec
1175 597 1229 639 R.
1277 598 1324 640 P.
1367 598 1659 641 Provincialis
1703 601 1791 642 huc
1835 600 2032 650 veniens,
2067 613 2084 641 5

340 662 491 705 omnia
526 663 684 706 melius
718 664 1009 709 ordinaverit.
1048 668 1264 723 Magnum
1299 673 1367 710 est
1389 670 1474 712 hoc
1496 670 1697 713 officium
1725 670 2036 714 instructionis

340 732 551 789 principis
573 734 738 777 nostris
759 735 1038 791 impositum,
1063 737 1108 779 in
1131 752 1221 794 quo
1247 744 1347 782 tota
1372 740 1493 783 salus
1519 755 1609 783 non
1634 741 1781 784 solum
1806 741 2032 798 principis,

338 803 416 845 sed
456 804 597 847 totius
635 806 758 862 regni
798 811 842 849 et
882 807 987 850 fidei
1026 809 1274 852 catholicae
1313 811 1430 853 ratio
1473 812 1681 854 universa
1723 812 1883 868 agitur.
1927 813 2035 855 Ideo

337 874 504 917 maiore
544 876 786 931 prudentia
825 883 870 920 et
910 879 1310 935 circumspectione
1348 896 1462 937 opus
1501 888 1582 932 est,
1626 883 1891 938 praesertim
1931 898 2034 927 cum

337 958 427 987 non
461 946 608 989 desint
643 948 788 998 multi,
825 949 903 1005 qui
937 950 1022 992 etsi
1055 965 1147 993 non
1180 956 1349 1008 aperte,
1386 958 1542 995 tamen
1575 968 1655 1009 per
1687 954 1916 997 cuniculos
1950 955 2035 997 niti
2050 967 2084 994 ιο

336 1016 591 1068 videantur,
625 1024 677 1060 ut
709 1020 958 1076 principem
990 1036 1181 1077 puerum
1213 1036 1240 1065 a
1271 1023 1359 1065 fide
1391 1024 1615 1067 catholica
1647 1025 1794 1068 modis
1825 1026 2035 1068 omnibus

336 1092 548 1130 avertant
575 1094 659 1132 etc.
691 1091 926 1134 Hactenus
953 1097 1108 1135 tamen
1135 1108 1214 1149 per
1241 1094 1324 1136 Dei
1351 1094 1560 1150 gratiam,
1590 1096 1704 1138 bene
1730 1110 1776 1138 se
1803 1096 1865 1138 ibi
1892 1096 2035 1139 nostri

335 1164 566 1213 gesserunt
602 1165 647 1202 et
682 1162 730 1204 P.
768 1163 977 1213 Lelesius,
1015 1164 1093 1220 qui
1127 1165 1218 1208 iarn
1253 1179 1343 1207 non
1377 1180 1521 1209 unum
1556 1167 1759 1210 modium
1793 1167 1898 1210 salis
1931 1182 2035 1210 curn

336 1229 443 1284 ipsis
485 1232 778 1288 consumpsit,
817 1233 945 1277 facile
980 1235 1138 1278 statim
1188 1236 1484 1292 deprehendit
1536 1236 1714 1280 illorum
1763 1238 1948 1281 consilia
1989 1243 2035 1281 et

336 1313 416 1355 pro
447 1314 528 1343 sua
562 1302 771 1346 libertate
812 1304 911 1354 illis,
955 1319 1058 1348 cum
1099 1321 1213 1362 opus
1254 1313 1337 1356 est,
1381 1308 1549 1350 resistit
1585 1308 1630 1351 in
1668 1308 1842 1352 faciem.
1890 1310 2034 1366 Quem
2049 1327 2084 1355 15

336 1370 420 1426 ipsi
471 1373 709 1416 consiliarii
759 1375 937 1426 timent,
991 1391 1046 1419 ne
1097 1378 1157 1420 ad
1175 1392 1323 1433 regem
1372 1384 1563 1421 conatus
1614 1379 1815 1436 ipsorum
1865 1380 2034 1423 sinistri

336 1442 620 1497 perferantur
648 1450 732 1487 etc.

453 1514 692 1570 Templum
727 1522 933 1560 nostrum
968 1518 1123 1568 Albae,
1161 1519 1284 1561 iussu
1319 1520 1446 1575 regis,
1484 1527 1725 1576 coeperant
1765 1526 2030 1572 restaurare,

334 1585 544 1639 quamvis
567 1600 686 1628 nunc
709 1594 940 1631 cessarunt
965 1590 1023 1631 ab
1046 1604 1191 1646 opere.
1232 1590 1342 1633 Mihi
1379 1605 1460 1646 pro
1497 1592 1704 1635 aedificio
1736 1599 2031 1636 numerarunt

334 1666 418 1697 200
443 1656 645 1707 florenos,
673 1672 776 1701 cum
800 1673 944 1715 nuper
958 1661 1123 1703 Albam
1148 1661 1457 1711 excurrissem,
1484 1663 1682 1718 acceptis
1704 1677 1731 1705 a
1752 1678 1853 1720 rege
1877 1664 2029 1707 literis.
2047 1682 2082 1709 20

335 1725 560 1770 Piscinam
588 1728 727 1772 etiarn
755 1731 988 1786 quandam
1016 1731 1273 1787 insignem,8
1301 1747 1440 1788 quam
1469 1733 1634 1776 nostris
1664 1734 1871 1790 princeps
1897 1735 2032 1778 desti-

333 1803 538 1848 naverat,
572 1813 762 1856 eamque
793 1802 1029 1844 aedificare
1061 1808 1284 1859 coeperat,
1320 1803 1494 1846 absolvi
1526 1804 1766 1847 iusserunt.

466 1869 560 1911 Nos
585 1870 676 1913 iam
702 1871 807 1914 inde
833 1887 860 1914 a
885 1873 1083 1916 calendis
1109 1873 1216 1916 Maii
1242 1888 1478 1917 manemus
1503 1874 1575 1917 hic
1600 1875 1647 1917 in
1673 1875 1861 1919 civitate
1887 1877 2032 1920 multo

232 1951 270 1976 au
312 1942 377 1979 .et
402 1941 695 1992 commodius,
714 1948 758 1984 et
775 1943 944 1993 utilius,
970 1958 1109 2000 quam
1133 1945 1353 1987 hactenus
1376 1945 1422 1987 in
1446 1946 1792 1989 Monostoriensi
1815 1947 2029 1999 abbatia,

332 2010 507 2052 scholas
526 2012 725 2068 quinque
744 2014 963 2057 habemus
982 2029 1094 2071 pene
1114 2016 1359 2058 absolutas.
1382 2017 1602 2060 Nostrum
1620 2017 1761 2061 etiam
1779 2019 2029 2075 collegium,
2045 2036 2080 2064 25

331 2078 422 2122 iam
470 2087 701 2139 utcunque
747 2085 858 2127 satis
905 2090 972 2128 est
1021 2086 1432 2130 accommodatum.
1483 2089 1615 2130 Anno
1662 2089 1884 2145 sequenti,
1934 2091 2031 2133 Deo

331 2151 443 2193 bene
477 2153 673 2205 favente,
706 2155 751 2197 in
784 2156 956 2199 fabrica
986 2157 1350 2213 progrediemur:
1388 2158 1424 2200 si
1458 2158 1578 2201 mille
1609 2160 1800 2203 florenos
1835 2161 1896 2203 ad
1930 2175 2030 2204 eam

332 2223 647 2278 acceperimus,
687 2241 799 2282 quos
837 2232 992 2270 tamen
1029 2233 1073 2271 et
1111 2243 1202 2278 reX‚
1228 2234 1273 2272 et
1310 2229 1550 2272 consiliarii
1587 2236 1709 2273 certo
1746 2231 2026 2287 pollicentur.

331 2294 399 2334 De
419 2294 684 2349 provinciali
705 2302 873 2348 nostro,
896 2299 997 2355 quis
1017 2299 1075 2341 sit
1097 2305 1142 2342 et
1163 2299 1241 2342 ubi
1257 2299 1329 2349 sit,
1348 2300 1552 2343 nondum
1568 2301 1814 2358 quicquam
1828 2302 2030 2352 scimus,⁹

331 2379 495 2420 magno
517 2372 636 2410 certe
657 2373 812 2411 nostro
834 2369 1134 2413 incommodo.
1161 2370 1270 2413 Heri
1291 2371 1383 2414 iam
1404 2372 1540 2414 tertio
1563 2377 1673 2415 vota
1693 2373 2026 2416 renovavimus.
2043 2389 2078 2417 30

332 2435 450 2478 Nam
475 2442 718 2494 postquam
743 2454 824 2482 nos
848 2441 1029 2497 reliquit
1055 2442 1103 2484 P.
1125 2441 1419 2485 Provincialis
1443 2443 1589 2485 bonae
1613 2443 1869 2494 memoriae,
1894 2449 2028 2486 erunt

331 2505 419 2548 duo
443 2508 549 2549 anni
571 2509 617 2551 in
640 2510 859 2566 principio
884 2512 1083 2554 Ianuarii
1105 2512 1335 2569 sequentis
1355 2528 1363 2556 :
1388 2513 1473 2556 etsi
1488 2514 1632 2557 ullum
1647 2514 1772 2557 aliud
1793 2515 2029 2570 collegium

330 2575 499 2632 indiget
531 2581 818 2634 provincialis
848 2583 1116 2638 praesentia,
1149 2588 1250 2626 tum
1279 2588 1486 2627 nostrum
1516 2590 1635 2627 certe
1665 2585 1874 2628 maxime.
1909 2587 2028 2629 Nam

330 2647 462 2690 rebus
492 2650 563 2691 hic
594 2652 706 2694 bene
737 2653 929 2708 cognitis
959 2659 1004 2696 et
1036 2654 1295 2710 perspectis,
1329 2655 1503 2697 facilius
1534 2661 1578 2698 et
1610 2655 1839 2698 efficacius
1869 2661 2028 2712 postea

330 2716 423 2771 ipse
458 2727 606 2774 posset
640 2728 685 2764 et
719 2724 849 2766 nobis
882 2725 937 2767 de
971 2725 1170 2780 personis
1204 2725 1462 2768 necessariis
1496 2727 1747 2782 prospicere
1780 2732 1826 2769 et
1861 2727 2076 2783 Regiae35

330 2783 400 2829 Mti
425 2791 575 2833 omnia
600 2794 822 2849 explicare
859 2800 943 2838 etc.
978 2796 1085 2838 Tres
1110 2795 1172 2837 illi
1197 2809 1224 2838 a
1250 2797 1303 2838 R.
1333 2797 1380 2838 P.
1426 2796 1574 2853 Magio
1599 2797 1822 2853 designati
1846 2798 2026 2841 coadiu-

331 2863 464 2909 tores,
502 2870 722 2906 venerunt
759 2865 818 2908 ad
862 2880 942 2908 nos
978 2866 1162 2922 quidem
1197 2866 1243 2908 in
1279 2880 1430 2909 mense
1466 2867 1622 2923 Aprili,
1659 2873 1847 2923 sumptu
1890 2869 2023 2925 regio,

331 2943 488 2973 verum
523 2947 638 2975 unus
671 2949 726 2977 ex
760 2936 867 2992 ipsis
899 2937 1102 2980 novicius
1134 2951 1240 2980 mox
1272 2937 1449 2987 defecit,
1481 2938 1670 2980 sublatis
1704 2939 1859 2981 multis
1892 2940 2026 2982 rebus

460 3045 474 3066 ⁸
504 3047 536 3079 A
564 3047 853 3095 kolozsrnegyei
881 3051 1173 3086 Baratoktava.

460 3105 474 3126 ⁹
503 3106 558 3140 Az
595 3108 633 3152 fij
672 3109 980 3157 lengyelorszagi
1014 3110 1292 3158 provinczialis
1326 3111 1451 3146 ekkor
1486 3111 1573 3146 mar
1605 3112 1648 3147 P.
1676 3112 1872 3159 Campani
1900 3113 2072 3159 Janos40

331 3162 403 3196 Pal
431 3163 528 3198 volt.
