<?xml version="1.0" encoding="UTF-8"?>
<!DOCTYPE html PUBLIC "-//W3C//DTD XHTML 1.0 Transitional//EN"
    "http://www.w3.org/TR/xhtml1/DTD/xhtml1-transitional.dtd">
<html xmlns="http://www.w3.org/1999/xhtml" xml:lang="en" lang="en">
 <head>
  <title>
</title>
<meta http-equiv="Content-Type" content="text/html;charset=utf-8" />
  <meta name='ocr-system' content='tesseract 3.04.00' />
  <meta name='ocr-capabilities' content='ocr_page ocr_carea ocr_par ocr_line ocrx_word'/>
</head>
<body>
  <div class='ocr_page' id='page_1' title='image "./epistolaeetactaj01vereuoft_0055.png"; bbox 0 0 2188 3535; ppageno 0'>
   <div class='ocr_carea' id='block_1_1' title="bbox 116 148 1810 196">
    <p class='ocr_par' dir='ltr' id='par_1_1' title="bbox 116 148 1810 196">
     <span class='ocr_line' id='line_1_1' title="bbox 116 148 1810 196; baseline -0.001 -12"><span class='ocrx_word' id='word_1_1' title='bbox 116 159 206 196; x_wconf 86' lang='lat'>1575</span> <span class='ocrx_word' id='word_1_2' title='bbox 240 149 363 193; x_wconf 86' lang='lat' dir='ltr'>szept.</span> <span class='ocrx_word' id='word_1_3' title='bbox 399 150 461 194; x_wconf 86' lang='lat'>30]</span> <span class='ocrx_word' id='word_1_4' title='bbox 876 148 950 183; x_wconf 88' lang='lat' dir='ltr'>No.</span> <span class='ocrx_word' id='word_1_5' title='bbox 993 158 1033 184; x_wconf 88' lang='lat'>11</span> <span class='ocrx_word' id='word_1_6' title='bbox 1764 161 1810 195; x_wconf 88' lang='lat'>23</span> 
     </span>
    </p>
   </div>
   <div class='ocr_carea' id='block_1_2' title="bbox 61 264 1811 1872">
    <p class='ocr_par' dir='ltr' id='par_1_2' title="bbox 61 264 1811 1872">
     <span class='ocr_line' id='line_1_2' title="bbox 114 264 1810 321; baseline 0.001 -12"><span class='ocrx_word' id='word_1_7' title='bbox 114 265 351 310; x_wconf 88' lang='lat' dir='ltr'>victoriam</span> <span class='ocrx_word' id='word_1_8' title='bbox 371 280 377 307; x_wconf 89' lang='grc'>;</span> <span class='ocrx_word' id='word_1_9' title='bbox 398 270 450 307; x_wconf 89' lang='lat' dir='ltr'>ut</span> <span class='ocrx_word' id='word_1_10' title='bbox 465 264 683 307; x_wconf 89' lang='lat' dir='ltr'>nimirum</span> <span class='ocrx_word' id='word_1_11' title='bbox 699 266 905 321; x_wconf 89' lang='lat' dir='ltr'>exemplo</span> <span class='ocrx_word' id='word_1_12' title='bbox 923 266 1042 309; x_wconf 92' lang='lat' dir='ltr'>illius</span> <span class='ocrx_word' id='word_1_13' title='bbox 1063 266 1229 310; x_wconf 90' lang='lat' dir='ltr'>caeteri</span> <span class='ocrx_word' id='word_1_14' title='bbox 1250 266 1451 309; x_wconf 90' lang='lat' dir='ltr'>eiusdem</span> <span class='ocrx_word' id='word_1_15' title='bbox 1473 265 1645 310; x_wconf 87' lang='lat' dir='ltr'>farinae</span> <span class='ocrx_word' id='word_1_16' title='bbox 1667 268 1810 311; x_wconf 89' lang='lat' dir='ltr'>horni-</span> 
     </span>
     <span class='ocr_line' id='line_1_3' title="bbox 114 335 1811 393; baseline 0 -13"><span class='ocrx_word' id='word_1_17' title='bbox 114 351 191 380; x_wconf 91' lang='lat' dir='ltr'>nes</span> <span class='ocrx_word' id='word_1_18' title='bbox 230 335 452 378; x_wconf 83' lang='lat' dir='ltr'>admoniti</span> <span class='ocrx_word' id='word_1_19' title='bbox 495 335 719 377; x_wconf 84' lang='lat' dir='ltr'><strong>discerent</strong></span> <span class='ocrx_word' id='word_1_20' title='bbox 760 336 951 392; x_wconf 85' lang='lat' dir='ltr'>principi</span> <span class='ocrx_word' id='word_1_21' title='bbox 994 351 1075 379; x_wconf 91' lang='lat' dir='ltr'>suo</span> <span class='ocrx_word' id='word_1_22' title='bbox 1116 338 1298 380; x_wconf 83' lang='lat' dir='ltr'>subesse</span> <span class='ocrx_word' id='word_1_23' title='bbox 1339 342 1384 379; x_wconf 90' lang='lat' dir='ltr'>et</span> <span class='ocrx_word' id='word_1_24' title='bbox 1427 337 1622 393; x_wconf 90' lang='lat' dir='ltr'>populus</span> <span class='ocrx_word' id='word_1_25' title='bbox 1661 338 1811 393; x_wconf 90' lang='lat' dir='ltr'>aptior</span> 
     </span>
     <span class='ocr_line' id='line_1_4' title="bbox 114 405 1809 464; baseline 0.001 -15"><span class='ocrx_word' id='word_1_26' title='bbox 114 407 374 449; x_wconf 83' lang='lat' dir='ltr'>redderetur</span> <span class='ocrx_word' id='word_1_27' title='bbox 389 406 449 447; x_wconf 93' lang='lat' dir='ltr'>ad</span> <span class='ocrx_word' id='word_1_28' title='bbox 465 405 799 461; x_wconf 77' lang='lat' dir='ltr'>suscipiendam</span> <span class='ocrx_word' id='word_1_29' title='bbox 817 421 917 449; x_wconf 92' lang='lat' dir='ltr'>eam</span> <span class='ocrx_word' id='word_1_30' title='bbox 934 407 1084 456; x_wconf 90' lang='lat' dir='ltr'>fidem,</span> <span class='ocrx_word' id='word_1_31' title='bbox 1105 421 1243 463; x_wconf 91' lang='lat' dir='ltr'>quam</span> <span class='ocrx_word' id='word_1_32' title='bbox 1260 408 1319 450; x_wconf 89' lang='lat' dir='ltr'>ab</span> <span class='ocrx_word' id='word_1_33' title='bbox 1336 407 1554 463; x_wconf 89' lang='lat' dir='ltr'>apostolis</span> <span class='ocrx_word' id='word_1_34' title='bbox 1571 413 1809 464; x_wconf 83' lang='lat' dir='ltr'>acceptam</span> 
     </span>
     <span class='ocr_line' id='line_1_5' title="bbox 114 475 1809 533; baseline 0.001 -14"><span class='ocrx_word' id='word_1_35' title='bbox 114 476 333 520; x_wconf 90' lang='lat' dir='ltr'>catholica</span> <span class='ocrx_word' id='word_1_36' title='bbox 352 475 538 518; x_wconf 91' lang='lat' dir='ltr'>ecclesia</span> <span class='ocrx_word' id='word_1_37' title='bbox 556 490 733 531; x_wconf 91' lang='lat' dir='ltr'>semper</span> <span class='ocrx_word' id='word_1_38' title='bbox 751 476 905 519; x_wconf 92' lang='lat' dir='ltr'>docuit</span> <span class='ocrx_word' id='word_1_39' title='bbox 925 482 969 519; x_wconf 93' lang='lat' dir='ltr'>et</span> <span class='ocrx_word' id='word_1_40' title='bbox 990 477 1283 533; x_wconf 90' lang='lat' dir='ltr'>praedicavit.</span> <span class='ocrx_word' id='word_1_41' title='bbox 1322 477 1464 520; x_wconf 80' lang='lat' dir='ltr'>Novit</span> <span class='ocrx_word' id='word_1_42' title='bbox 1484 477 1605 521; x_wconf 91' lang='lat' dir='ltr'>enim</span> <span class='ocrx_word' id='word_1_43' title='bbox 1624 483 1809 521; x_wconf 90' lang='lat' dir='ltr'>aeterna</span> 
     </span>
     <span class='ocr_line' id='line_1_6' title="bbox 64 545 1807 604; baseline 0.001 -14"><span class='ocrx_word' id='word_1_44' title='bbox 64 563 82 590; x_wconf 88' lang='lat'>5</span> <span class='ocrx_word' id='word_1_45' title='bbox 115 547 197 590; x_wconf 91' lang='lat' dir='ltr'>Dei</span> <span class='ocrx_word' id='word_1_46' title='bbox 232 545 467 602; x_wconf 82' lang='lat' dir='ltr'>sapientia,</span> <span class='ocrx_word' id='word_1_47' title='bbox 507 545 647 588; x_wconf 89' lang='lat' dir='ltr'>etiam</span> <span class='ocrx_word' id='word_1_48' title='bbox 684 547 816 596; x_wconf 89' lang='lat' dir='ltr'>mala,</span> <span class='ocrx_word' id='word_1_49' title='bbox 856 561 972 603; x_wconf 91' lang='lat' dir='ltr'>quae</span> <span class='ocrx_word' id='word_1_50' title='bbox 1008 548 1186 603; x_wconf 89' lang='lat' dir='ltr'>reprobi</span> <span class='ocrx_word' id='word_1_51' title='bbox 1221 548 1268 590; x_wconf 92' lang='lat' dir='ltr'>in</span> <span class='ocrx_word' id='word_1_52' title='bbox 1303 548 1546 604; x_wconf 83' lang='lat' dir='ltr'>perniciem</span> <span class='ocrx_word' id='word_1_53' title='bbox 1583 549 1807 592; x_wconf 90' lang='lat' dir='ltr'>bonorum</span> 
     </span>
     <span class='ocr_line' id='line_1_7' title="bbox 112 616 1809 675; baseline 0.002 -16"><span class='ocrx_word' id='word_1_54' title='bbox 112 617 384 672; x_wconf 82' lang='lat' dir='ltr'>excogitant,</span> <span class='ocrx_word' id='word_1_55' title='bbox 408 616 454 658; x_wconf 90' lang='lat' dir='ltr'>in</span> <span class='ocrx_word' id='word_1_56' title='bbox 474 616 724 659; x_wconf 88' lang='lat' dir='ltr'>utilitatem</span> <span class='ocrx_word' id='word_1_57' title='bbox 746 617 991 660; x_wconf 87' lang='lat' dir='ltr'>electorum</span> <span class='ocrx_word' id='word_1_58' title='bbox 1013 632 1197 661; x_wconf 92' lang='lat' dir='ltr'>suorum</span> <span class='ocrx_word' id='word_1_59' title='bbox 1218 624 1492 661; x_wconf 88' lang='lat' dir='ltr'>convertere.</span> <span class='ocrx_word' id='word_1_60' title='bbox 1517 619 1809 675; x_wconf 88' lang='lat' dir='ltr'>Ignoraretur</span> 
     </span>
     <span class='ocr_line' id='line_1_8' title="bbox 111 686 1805 742; baseline 0.002 -13"><span class='ocrx_word' id='word_1_61' title='bbox 111 687 285 730; x_wconf 92' lang='lat' dir='ltr'>iustitia</span> <span class='ocrx_word' id='word_1_62' title='bbox 314 691 359 730; x_wconf 91' lang='lat' dir='ltr'>et</span> <span class='ocrx_word' id='word_1_63' title='bbox 395 686 542 742; x_wconf 90' lang='lat' dir='ltr'>pietas</span> <span class='ocrx_word' id='word_1_64' title='bbox 572 687 715 736; x_wconf 91' lang='lat' dir='ltr'>Abeli,</span> <span class='ocrx_word' id='word_1_65' title='bbox 749 688 785 730; x_wconf 91' lang='lat' dir='ltr'>si</span> <span class='ocrx_word' id='word_1_66' title='bbox 815 687 987 731; x_wconf 91' lang='lat' dir='ltr'>invidia</span> <span class='ocrx_word' id='word_1_67' title='bbox 1032 689 1157 731; x_wconf 89' lang='lat' dir='ltr'>Caini</span> <span class='ocrx_word' id='word_1_68' title='bbox 1202 689 1248 731; x_wconf 92' lang='lat' dir='ltr'>in</span> <span class='ocrx_word' id='word_1_69' title='bbox 1292 704 1396 732; x_wconf 91' lang='lat' dir='ltr'>eum</span> <span class='ocrx_word' id='word_1_70' title='bbox 1431 704 1522 732; x_wconf 93' lang='lat' dir='ltr'>non</span> <span class='ocrx_word' id='word_1_71' title='bbox 1553 689 1805 733; x_wconf 83' lang='lat' dir='ltr'>exarsisset.</span> 
     </span>
     <span class='ocr_line' id='line_1_9' title="bbox 111 757 1807 815; baseline 0.002 -15"><span class='ocrx_word' id='word_1_72' title='bbox 111 758 352 800; x_wconf 88' lang='lat' dir='ltr'>Taceretur</span> <span class='ocrx_word' id='word_1_73' title='bbox 382 757 608 813; x_wconf 88' lang='lat' dir='ltr'>patientia</span> <span class='ocrx_word' id='word_1_74' title='bbox 641 757 753 807; x_wconf 86' lang='lat' dir='ltr'>Iobi,</span> <span class='ocrx_word' id='word_1_75' title='bbox 788 758 824 800; x_wconf 88' lang='lat' dir='ltr'>si</span> <span class='ocrx_word' id='word_1_76' title='bbox 856 773 957 801; x_wconf 88' lang='lat' dir='ltr'>eam</span> <span class='ocrx_word' id='word_1_77' title='bbox 996 759 1265 815; x_wconf 89' lang='lat' dir='ltr'>improbitas</span> <span class='ocrx_word' id='word_1_78' title='bbox 1301 760 1534 802; x_wconf 91' lang='lat' dir='ltr'>daemonis</span> <span class='ocrx_word' id='word_1_79' title='bbox 1563 775 1655 803; x_wconf 91' lang='lat' dir='ltr'>non</span> <span class='ocrx_word' id='word_1_80' title='bbox 1685 774 1807 804; x_wconf 90' lang='lat' dir='ltr'>exer-</span> 
     </span>
     <span class='ocr_line' id='line_1_10' title="bbox 112 828 1805 886; baseline 0.002 -17"><span class='ocrx_word' id='word_1_81' title='bbox 112 828 287 870; x_wconf 89' lang='lat' dir='ltr'>cuisset.</span> <span class='ocrx_word' id='word_1_82' title='bbox 320 828 580 870; x_wconf 90' lang='lat' dir='ltr'>Nesciretur</span> <span class='ocrx_word' id='word_1_83' title='bbox 609 830 913 871; x_wconf 90' lang='lat' dir='ltr'>mansuetudo</span> <span class='ocrx_word' id='word_1_84' title='bbox 942 829 1147 879; x_wconf 90' lang='lat' dir='ltr'>Davidis,</span> <span class='ocrx_word' id='word_1_85' title='bbox 1178 830 1216 872; x_wconf 92' lang='lat' dir='ltr'>si</span> <span class='ocrx_word' id='word_1_86' title='bbox 1244 831 1555 886; x_wconf 87' lang='lat' dir='ltr'>persecutione</span> <span class='ocrx_word' id='word_1_87' title='bbox 1585 831 1731 874; x_wconf 85' lang='lat' dir='ltr'>Saulis</span> <span class='ocrx_word' id='word_1_88' title='bbox 1759 836 1805 874; x_wconf 91' lang='lat' dir='ltr'>et</span> 
     </span>
     <span class='ocr_line' id='line_1_11' title="bbox 64 898 1802 957; baseline 0.002 -16"><span class='ocrx_word' id='word_1_89' title='bbox 64 913 98 941; x_wconf 75' lang='grc' dir='ltr'>ιο</span> <span class='ocrx_word' id='word_1_90' title='bbox 111 898 358 941; x_wconf 88' lang='lat' dir='ltr'>ambitione</span> <span class='ocrx_word' id='word_1_91' title='bbox 396 898 636 941; x_wconf 89' lang='lat' dir='ltr'>Absolonis</span> <span class='ocrx_word' id='word_1_92' title='bbox 676 899 754 941; x_wconf 92' lang='lat' dir='ltr'>diu</span> <span class='ocrx_word' id='word_1_93' title='bbox 793 900 950 942; x_wconf 88' lang='lat' dir='ltr'>vexari</span> <span class='ocrx_word' id='word_1_94' title='bbox 989 905 1035 942; x_wconf 88' lang='lat' dir='ltr'>et</span> <span class='ocrx_word' id='word_1_95' title='bbox 1074 900 1256 956; x_wconf 90' lang='lat' dir='ltr'>probari</span> <span class='ocrx_word' id='word_1_96' title='bbox 1296 900 1533 957; x_wconf 83' lang='lat' dir='ltr'>diligenter</span> <span class='ocrx_word' id='word_1_97' title='bbox 1569 901 1802 945; x_wconf 91' lang='lat' dir='ltr'>renuisset.</span> 
     </span>
     <span class='ocr_line' id='line_1_12' title="bbox 111 969 1805 1026; baseline 0.002 -15"><span class='ocrx_word' id='word_1_98' title='bbox 111 969 213 1011; x_wconf 91' lang='lat' dir='ltr'>Non</span> <span class='ocrx_word' id='word_1_99' title='bbox 258 969 595 1024; x_wconf 87' lang='lat' dir='ltr'>praedicaretur</span> <span class='ocrx_word' id='word_1_100' title='bbox 643 969 832 1025; x_wconf 89' lang='lat' dir='ltr'>Josephi</span> <span class='ocrx_word' id='word_1_101' title='bbox 879 970 1066 1013; x_wconf 88' lang='lat' dir='ltr'>castitas</span> <span class='ocrx_word' id='word_1_102' title='bbox 1113 975 1158 1013; x_wconf 92' lang='lat' dir='ltr'>et</span> <span class='ocrx_word' id='word_1_103' title='bbox 1205 970 1426 1026; x_wconf 90' lang='lat' dir='ltr'>pudicitia</span> <span class='ocrx_word' id='word_1_104' title='bbox 1474 972 1719 1021; x_wconf 82' lang='lat' dir='ltr'>Susannae,</span> <span class='ocrx_word' id='word_1_105' title='bbox 1769 972 1805 1014; x_wconf 90' lang='lat' dir='ltr'>si</span> 
     </span>
     <span class='ocr_line' id='line_1_13' title="bbox 110 1039 1805 1085; baseline 0.002 -4"><span class='ocrx_word' id='word_1_106' title='bbox 110 1039 376 1082; x_wconf 90' lang='lat' dir='ltr'>adversariis</span> <span class='ocrx_word' id='word_1_107' title='bbox 426 1040 687 1082; x_wconf 90' lang='lat' dir='ltr'>caruissent.</span> <span class='ocrx_word' id='word_1_108' title='bbox 742 1040 865 1082; x_wconf 90' lang='lat' dir='ltr'>Nihil</span> <span class='ocrx_word' id='word_1_109' title='bbox 915 1041 1138 1083; x_wconf 89' lang='lat' dir='ltr'>diceretur</span> <span class='ocrx_word' id='word_1_110' title='bbox 1199 1041 1254 1083; x_wconf 93' lang='lat' dir='ltr'>de</span> <span class='ocrx_word' id='word_1_111' title='bbox 1318 1041 1575 1084; x_wconf 85' lang='lat' dir='ltr'>admirabili</span> <span class='ocrx_word' id='word_1_112' title='bbox 1625 1042 1805 1085; x_wconf 87' lang='lat' dir='ltr'>Macha-</span> 
     </span>
     <span class='ocr_line' id='line_1_14' title="bbox 110 1110 1803 1166; baseline 0.002 -15"><span class='ocrx_word' id='word_1_113' title='bbox 110 1110 296 1152; x_wconf 92' lang='lat' dir='ltr'>beorum</span> <span class='ocrx_word' id='word_1_114' title='bbox 313 1110 592 1159; x_wconf 82' lang='lat' dir='ltr'>fortitudine,</span> <span class='ocrx_word' id='word_1_115' title='bbox 612 1110 648 1152; x_wconf 91' lang='lat' dir='ltr'>si</span> <span class='ocrx_word' id='word_1_116' title='bbox 664 1110 828 1166; x_wconf 90' lang='lat' dir='ltr'>impius</span> <span class='ocrx_word' id='word_1_117' title='bbox 844 1111 1096 1153; x_wconf 90' lang='lat' dir='ltr'>Antiochus</span> <span class='ocrx_word' id='word_1_118' title='bbox 1113 1113 1128 1138; x_wconf 83' lang='lat'>2</span> <span class='ocrx_word' id='word_1_119' title='bbox 1151 1116 1310 1153; x_wconf 92' lang='lat' dir='ltr'>contra</span> <span class='ocrx_word' id='word_1_120' title='bbox 1332 1125 1406 1153; x_wconf 92' lang='lat' dir='ltr'>eos</span> <span class='ocrx_word' id='word_1_121' title='bbox 1430 1126 1521 1153; x_wconf 91' lang='lat' dir='ltr'>non</span> <span class='ocrx_word' id='word_1_122' title='bbox 1543 1111 1803 1154; x_wconf 85' lang='lat' dir='ltr'>insurrexis-</span> 
     </span>
     <span class='ocr_line' id='line_1_15' title="bbox 111 1181 1803 1230; baseline 0.002 -8"><span class='ocrx_word' id='word_1_123' title='bbox 111 1185 192 1222; x_wconf 91' lang='lat' dir='ltr'>set.</span> <span class='ocrx_word' id='word_1_124' title='bbox 226 1181 329 1223; x_wconf 91' lang='lat' dir='ltr'>Non</span> <span class='ocrx_word' id='word_1_125' title='bbox 358 1181 548 1224; x_wconf 75' lang='lat' dir='ltr'>fuissent</span> <span class='ocrx_word' id='word_1_126' title='bbox 579 1186 796 1224; x_wconf 91' lang='lat' dir='ltr'>coronata</span> <span class='ocrx_word' id='word_1_127' title='bbox 826 1182 1075 1224; x_wconf 89' lang='lat' dir='ltr'>certamina</span> <span class='ocrx_word' id='word_1_128' title='bbox 1105 1181 1424 1230; x_wconf 84' lang='lat' dir='ltr'>confessorum,</span> <span class='ocrx_word' id='word_1_129' title='bbox 1458 1181 1494 1223; x_wconf 88' lang='lat' dir='ltr'>si</span> <span class='ocrx_word' id='word_1_130' title='bbox 1524 1182 1803 1225; x_wconf 91' lang='lat' dir='ltr'>adversarios</span> 
     </span>
     <span class='ocr_line' id='line_1_16' title="bbox 64 1250 1804 1308; baseline 0.001 -16"><span class='ocrx_word' id='word_1_131' title='bbox 64 1264 98 1292; x_wconf 90' lang='lat'>15</span> <span class='ocrx_word' id='word_1_132' title='bbox 111 1250 158 1292; x_wconf 93' lang='lat' dir='ltr'>in</span> <span class='ocrx_word' id='word_1_133' title='bbox 199 1251 274 1294; x_wconf 90' lang='lat' dir='ltr'>via</span> <span class='ocrx_word' id='word_1_134' title='bbox 316 1251 512 1302; x_wconf 87' lang='lat' dir='ltr'>virtutis,</span> <span class='ocrx_word' id='word_1_135' title='bbox 546 1256 704 1294; x_wconf 87' lang='lat' dir='ltr'>contra</span> <span class='ocrx_word' id='word_1_136' title='bbox 746 1266 858 1308; x_wconf 92' lang='lat' dir='ltr'>quos</span> <span class='ocrx_word' id='word_1_137' title='bbox 901 1252 1197 1301; x_wconf 88' lang='lat' dir='ltr'>decertarent,</span> <span class='ocrx_word' id='word_1_138' title='bbox 1241 1266 1333 1294; x_wconf 92' lang='lat' dir='ltr'>non</span> <span class='ocrx_word' id='word_1_139' title='bbox 1374 1252 1651 1294; x_wconf 89' lang='lat' dir='ltr'>habuissent.</span> <span class='ocrx_word' id='word_1_140' title='bbox 1696 1253 1804 1295; x_wconf 91' lang='lat' dir='ltr'>Alta</span> 
     </span>
     <span class='ocr_line' id='line_1_17' title="bbox 110 1321 1801 1378; baseline 0.001 -15"><span class='ocrx_word' id='word_1_141' title='bbox 110 1321 304 1378; x_wconf 90' lang='lat' dir='ltr'>denique</span> <span class='ocrx_word' id='word_1_142' title='bbox 334 1322 559 1365; x_wconf 91' lang='lat' dir='ltr'>oblivione</span> <span class='ocrx_word' id='word_1_143' title='bbox 590 1322 768 1377; x_wconf 90' lang='lat' dir='ltr'>sepulta</span> <span class='ocrx_word' id='word_1_144' title='bbox 797 1322 994 1364; x_wconf 90' lang='lat' dir='ltr'>iacerent</span> <span class='ocrx_word' id='word_1_145' title='bbox 1042 1322 1283 1365; x_wconf 89' lang='lat' dir='ltr'>tolerantia</span> <span class='ocrx_word' id='word_1_146' title='bbox 1313 1327 1358 1365; x_wconf 88' lang='lat' dir='ltr'>et</span> <span class='ocrx_word' id='word_1_147' title='bbox 1398 1322 1656 1365; x_wconf 92' lang='lat' dir='ltr'>constantia</span> <span class='ocrx_word' id='word_1_148' title='bbox 1686 1337 1801 1365; x_wconf 91' lang='lat' dir='ltr'>mar-</span> 
     </span>
     <span class='ocr_line' id='line_1_18' title="bbox 110 1392 1800 1448; baseline 0.001 -15"><span class='ocrx_word' id='word_1_149' title='bbox 110 1396 278 1447; x_wconf 86' lang='lat' dir='ltr'>tyrum,</span> <span class='ocrx_word' id='word_1_150' title='bbox 311 1392 347 1434; x_wconf 90' lang='lat' dir='ltr'>si</span> <span class='ocrx_word' id='word_1_151' title='bbox 377 1393 618 1435; x_wconf 87' lang='lat' dir='ltr'>crudelitas</span> <span class='ocrx_word' id='word_1_152' title='bbox 661 1392 876 1435; x_wconf 82' lang='lat' dir='ltr'>defuisset</span> <span class='ocrx_word' id='word_1_153' title='bbox 919 1398 1230 1448; x_wconf 88' lang='lat' dir='ltr'>tyrannorum.</span> <span class='ocrx_word' id='word_1_154' title='bbox 1273 1392 1342 1436; x_wconf 82' lang='lat' dir='ltr'>Sic</span> <span class='ocrx_word' id='word_1_155' title='bbox 1381 1393 1520 1435; x_wconf 92' lang='lat' dir='ltr'>etiam</span> <span class='ocrx_word' id='word_1_156' title='bbox 1558 1397 1640 1436; x_wconf 91' lang='lat' dir='ltr'>tua</span> <span class='ocrx_word' id='word_1_157' title='bbox 1676 1393 1800 1442; x_wconf 92' lang='lat' dir='ltr'>fides,</span> 
     </span>
     <span class='ocr_line' id='line_1_19' title="bbox 110 1462 1801 1519; baseline 0.002 -16"><span class='ocrx_word' id='word_1_158' title='bbox 110 1462 255 1518; x_wconf 89' lang='lat' dir='ltr'>pietas</span> <span class='ocrx_word' id='word_1_159' title='bbox 287 1462 334 1504; x_wconf 92' lang='lat' dir='ltr'>in</span> <span class='ocrx_word' id='word_1_160' title='bbox 367 1465 528 1512; x_wconf 90' lang='lat' dir='ltr'>Deum,</span> <span class='ocrx_word' id='word_1_161' title='bbox 564 1462 794 1519; x_wconf 90' lang='lat' dir='ltr'>animique</span> <span class='ocrx_word' id='word_1_162' title='bbox 828 1463 1087 1506; x_wconf 88' lang='lat' dir='ltr'>constantia</span> <span class='ocrx_word' id='word_1_163' title='bbox 1120 1463 1180 1506; x_wconf 95' lang='lat' dir='ltr'>ad</span> <span class='ocrx_word' id='word_1_164' title='bbox 1211 1477 1460 1519; x_wconf 91' lang='lat' dir='ltr'>paucorum</span> <span class='ocrx_word' id='word_1_165' title='bbox 1494 1463 1801 1519; x_wconf 89' lang='lat' dir='ltr'>pervenissent</span> 
     </span>
     <span class='ocr_line' id='line_1_20' title="bbox 109 1532 1801 1590; baseline 0.001 -16"><span class='ocrx_word' id='word_1_166' title='bbox 109 1532 321 1575; x_wconf 87' lang='lat' dir='ltr'>notitiam</span> <span class='ocrx_word' id='word_1_167' title='bbox 343 1533 550 1589; x_wconf 90' lang='lat' dir='ltr'>princeps</span> <span class='ocrx_word' id='word_1_168' title='bbox 573 1533 689 1583; x_wconf 50' lang='lat' dir='ltr'>Illum,</span> <span class='ocrx_word' id='word_1_169' title='bbox 713 1533 750 1575; x_wconf 92' lang='lat' dir='ltr'>si</span> <span class='ocrx_word' id='word_1_170' title='bbox 770 1533 817 1575; x_wconf 92' lang='lat' dir='ltr'>in</span> <span class='ocrx_word' id='word_1_171' title='bbox 839 1548 891 1576; x_wconf 89' lang='lat' dir='ltr'>ea</span> <span class='ocrx_word' id='word_1_172' title='bbox 913 1533 1148 1589; x_wconf 85' lang='lat' dir='ltr'>dignitate,</span> <span class='ocrx_word' id='word_1_173' title='bbox 1166 1534 1226 1576; x_wconf 92' lang='lat' dir='ltr'>ad</span> <span class='ocrx_word' id='word_1_174' title='bbox 1247 1548 1386 1590; x_wconf 92' lang='lat' dir='ltr'>quam</span> <span class='ocrx_word' id='word_1_175' title='bbox 1408 1535 1530 1576; x_wconf 91' lang='lat' dir='ltr'>Deus</span> <span class='ocrx_word' id='word_1_176' title='bbox 1552 1538 1597 1576; x_wconf 89' lang='lat' dir='ltr'>te</span> <span class='ocrx_word' id='word_1_177' title='bbox 1618 1534 1801 1577; x_wconf 89' lang='lat' dir='ltr'>vocavit</span> 
     </span>
     <span class='ocr_line' id='line_1_21' title="bbox 61 1603 1800 1661; baseline 0.001 -16"><span class='ocrx_word' id='word_1_178' title='bbox 61 1611 155 1645; x_wconf 87' lang='lat' dir='ltr'>20et</span> <span class='ocrx_word' id='word_1_179' title='bbox 183 1603 348 1653; x_wconf 86' lang='lat' dir='ltr'>evexit,</span> <span class='ocrx_word' id='word_1_180' title='bbox 377 1604 489 1646; x_wconf 89' lang='lat' dir='ltr'>nulli</span> <span class='ocrx_word' id='word_1_181' title='bbox 517 1604 696 1653; x_wconf 89' lang='lat' dir='ltr'>aemuli,</span> <span class='ocrx_word' id='word_1_182' title='bbox 727 1604 927 1660; x_wconf 89' lang='lat' dir='ltr'>nullique</span> <span class='ocrx_word' id='word_1_183' title='bbox 956 1604 1168 1647; x_wconf 80' lang='lat' dir='ltr'>malevoli</span> <span class='ocrx_word' id='word_1_184' title='bbox 1196 1604 1400 1647; x_wconf 91' lang='lat' dir='ltr'>homines</span> <span class='ocrx_word' id='word_1_185' title='bbox 1428 1619 1522 1647; x_wconf 91' lang='lat' dir='ltr'>sese</span> <span class='ocrx_word' id='word_1_186' title='bbox 1550 1604 1635 1647; x_wconf 92' lang='lat' dir='ltr'>tibi</span> <span class='ocrx_word' id='word_1_187' title='bbox 1663 1619 1800 1661; x_wconf 91' lang='lat' dir='ltr'>oppo-</span> 
     </span>
     <span class='ocr_line' id='line_1_22' title="bbox 110 1673 1801 1731; baseline 0.001 -15"><span class='ocrx_word' id='word_1_188' title='bbox 110 1673 315 1717; x_wconf 87' lang='lat' dir='ltr'>suissent.</span> <span class='ocrx_word' id='word_1_189' title='bbox 357 1674 589 1730; x_wconf 84' lang='lat' dir='ltr'>Siquidem</span> <span class='ocrx_word' id='word_1_190' title='bbox 633 1676 700 1729; x_wconf 93' lang='lat' dir='ltr'>(ut</span> <span class='ocrx_word' id='word_1_191' title='bbox 742 1675 972 1717; x_wconf 93' lang='lat' dir='ltr'>communi</span> <span class='ocrx_word' id='word_1_192' title='bbox 1015 1675 1180 1717; x_wconf 87' lang='lat' dir='ltr'>dicitur</span> <span class='ocrx_word' id='word_1_193' title='bbox 1221 1675 1473 1731; x_wconf 93' lang='lat' dir='ltr'>proverbio)</span> <span class='ocrx_word' id='word_1_194' title='bbox 1521 1675 1666 1718; x_wconf 92' lang='lat' dir='ltr'>virtus</span> <span class='ocrx_word' id='word_1_195' title='bbox 1708 1675 1801 1717; x_wconf 91' lang='lat' dir='ltr'>sine</span> 
     </span>
     <span class='ocr_line' id='line_1_23' title="bbox 109 1744 1801 1802; baseline 0.001 -16"><span class='ocrx_word' id='word_1_196' title='bbox 109 1744 366 1788; x_wconf 88' lang='lat' dir='ltr'>adversario</span> <span class='ocrx_word' id='word_1_197' title='bbox 388 1745 640 1794; x_wconf 86' lang='lat' dir='ltr'>marcescit,</span> <span class='ocrx_word' id='word_1_198' title='bbox 670 1750 715 1788; x_wconf 91' lang='lat' dir='ltr'>et</span> <span class='ocrx_word' id='word_1_199' title='bbox 741 1745 878 1788; x_wconf 89' lang='lat' dir='ltr'>fidem</span> <span class='ocrx_word' id='word_1_200' title='bbox 905 1745 1154 1788; x_wconf 88' lang='lat' dir='ltr'>amicorum</span> <span class='ocrx_word' id='word_1_201' title='bbox 1181 1746 1459 1789; x_wconf 90' lang='lat' dir='ltr'>adversitate</span> <span class='ocrx_word' id='word_1_202' title='bbox 1486 1746 1680 1802; x_wconf 91' lang='lat' dir='ltr'>probari,</span> <span class='ocrx_word' id='word_1_203' title='bbox 1710 1760 1801 1788; x_wconf 88' lang='lat' dir='ltr'>non</span> 
     </span>
     <span class='ocr_line' id='line_1_24' title="bbox 110 1815 1539 1872; baseline 0.001 -15"><span class='ocrx_word' id='word_1_204' title='bbox 110 1815 258 1857; x_wconf 92' lang='lat' dir='ltr'>minus</span> <span class='ocrx_word' id='word_1_205' title='bbox 287 1830 404 1866; x_wconf 91' lang='lat' dir='ltr'>vere,</span> <span class='ocrx_word' id='word_1_206' title='bbox 435 1830 575 1872; x_wconf 91' lang='lat' dir='ltr'>quam</span> <span class='ocrx_word' id='word_1_207' title='bbox 605 1816 832 1872; x_wconf 87' lang='lat' dir='ltr'>eleganter</span> <span class='ocrx_word' id='word_1_208' title='bbox 859 1821 996 1872; x_wconf 77' lang='lat' dir='ltr'>poeta</span> <span class='ocrx_word' id='word_1_209' title='bbox 1023 1816 1144 1859; x_wconf 88' lang='lat' dir='ltr'>hisce</span> <span class='ocrx_word' id='word_1_210' title='bbox 1172 1817 1321 1859; x_wconf 89' lang='lat' dir='ltr'>verbis</span> <span class='ocrx_word' id='word_1_211' title='bbox 1350 1816 1539 1859; x_wconf 91' lang='lat' dir='ltr'>cecinit:</span> 
     </span>
    </p>
   </div>
   <div class='ocr_carea' id='block_1_3' title="bbox 59 1950 1507 2056">
    <p class='ocr_par' dir='ltr' id='par_1_3' title="bbox 59 1950 1507 2056">
     <span class='ocr_line' id='line_1_25' title="bbox 414 1950 1507 1996; baseline 0.001 -12"><span class='ocrx_word' id='word_1_212' title='bbox 414 1950 583 1991; x_wconf 87' lang='lat' dir='ltr'>Scilicet,</span> <span class='ocrx_word' id='word_1_213' title='bbox 612 1953 658 1984; x_wconf 90' lang='lat' dir='ltr'>ut</span> <span class='ocrx_word' id='word_1_214' title='bbox 684 1950 841 1985; x_wconf 76' lang='lat' dir='ltr'>fulvum</span> <span class='ocrx_word' id='word_1_215' title='bbox 867 1953 1075 1996; x_wconf 86' lang='lat' dir='ltr'>spectatur</span> <span class='ocrx_word' id='word_1_216' title='bbox 1100 1951 1141 1984; x_wconf 86' lang='lat' dir='ltr'>in</span> <span class='ocrx_word' id='word_1_217' title='bbox 1167 1951 1324 1995; x_wconf 87' lang='lat' dir='ltr'>ignibus</span> <span class='ocrx_word' id='word_1_218' title='bbox 1352 1961 1507 1990; x_wconf 82' lang='lat' dir='ltr'>aurum.</span> 
     </span>
     <span class='ocr_line' id='line_1_26' title="bbox 59 2010 1310 2056; baseline 0.002 -14"><span class='ocrx_word' id='word_1_219' title='bbox 59 2015 94 2042; x_wconf 87' lang='lat'>25</span> <span class='ocrx_word' id='word_1_220' title='bbox 413 2010 606 2056; x_wconf 86' lang='lat' dir='ltr'>Tempore</span> <span class='ocrx_word' id='word_1_221' title='bbox 635 2011 690 2045; x_wconf 85' lang='lat' dir='ltr'>sic</span> <span class='ocrx_word' id='word_1_222' title='bbox 718 2010 817 2045; x_wconf 91' lang='lat' dir='ltr'>duro</span> <span class='ocrx_word' id='word_1_223' title='bbox 845 2013 906 2046; x_wconf 87' lang='lat' dir='ltr'>est</span> <span class='ocrx_word' id='word_1_224' title='bbox 934 2010 1174 2056; x_wconf 86' lang='lat' dir='ltr'>experienda</span> <span class='ocrx_word' id='word_1_225' title='bbox 1201 2010 1310 2044; x_wconf 85' lang='lat' dir='ltr'>fides.</span> 
     </span>
    </p>
   </div>
   <div class='ocr_carea' id='block_1_4' title="bbox 59 2130 1803 3033">
    <p class='ocr_par' dir='ltr' id='par_1_4' title="bbox 108 2130 1800 2400">
     <span class='ocr_line' id='line_1_27' title="bbox 221 2130 1798 2188; baseline -0.001 -15"><span class='ocrx_word' id='word_1_226' title='bbox 221 2131 346 2174; x_wconf 85' lang='lat' dir='ltr'>Sicut</span> <span class='ocrx_word' id='word_1_227' title='bbox 376 2132 496 2175; x_wconf 87' lang='lat' dir='ltr'>enim</span> <span class='ocrx_word' id='word_1_228' title='bbox 525 2132 639 2188; x_wconf 88' lang='lat' dir='ltr'>ignis</span> <span class='ocrx_word' id='word_1_229' title='bbox 669 2132 875 2175; x_wconf 83' lang='lat' dir='ltr'>fucatum</span> <span class='ocrx_word' id='word_1_230' title='bbox 905 2146 1067 2175; x_wconf 90' lang='lat' dir='ltr'>aurum</span> <span class='ocrx_word' id='word_1_231' title='bbox 1097 2147 1123 2175; x_wconf 92' lang='lat' dir='ltr'>a</span> <span class='ocrx_word' id='word_1_232' title='bbox 1152 2146 1259 2174; x_wconf 90' lang='lat' dir='ltr'>vero</span> <span class='ocrx_word' id='word_1_233' title='bbox 1289 2136 1482 2187; x_wconf 87' lang='lat' dir='ltr'>separat,</span> <span class='ocrx_word' id='word_1_234' title='bbox 1515 2130 1577 2173; x_wconf 88' lang='lat' dir='ltr'>sic</span> <span class='ocrx_word' id='word_1_235' title='bbox 1608 2131 1798 2173; x_wconf 91' lang='lat' dir='ltr'>adversa</span> 
     </span>
     <span class='ocr_line' id='line_1_28' title="bbox 108 2202 1796 2258; baseline -0.001 -14"><span class='ocrx_word' id='word_1_236' title='bbox 108 2202 290 2245; x_wconf 80' lang='lat' dir='ltr'>fortuna</span> <span class='ocrx_word' id='word_1_237' title='bbox 328 2202 593 2245; x_wconf 90' lang='lat' dir='ltr'>simulatum</span> <span class='ocrx_word' id='word_1_238' title='bbox 633 2203 830 2245; x_wconf 91' lang='lat' dir='ltr'>amicum</span> <span class='ocrx_word' id='word_1_239' title='bbox 870 2218 896 2245; x_wconf 91' lang='lat' dir='ltr'>a</span> <span class='ocrx_word' id='word_1_240' title='bbox 936 2203 1107 2245; x_wconf 89' lang='lat' dir='ltr'>sincero</span> <span class='ocrx_word' id='word_1_241' title='bbox 1147 2202 1420 2258; x_wconf 90' lang='lat' dir='ltr'>distinguere</span> <span class='ocrx_word' id='word_1_242' title='bbox 1459 2202 1584 2244; x_wconf 91' lang='lat' dir='ltr'>solet.</span> <span class='ocrx_word' id='word_1_243' title='bbox 1628 2202 1702 2250; x_wconf 91' lang='lat' dir='ltr'>Et,</span> <span class='ocrx_word' id='word_1_244' title='bbox 1744 2205 1796 2242; x_wconf 91' lang='lat' dir='ltr'>ut</span> 
     </span>
     <span class='ocr_line' id='line_1_29' title="bbox 109 2270 1799 2330; baseline -0.001 -16"><span class='ocrx_word' id='word_1_245' title='bbox 109 2272 428 2328; x_wconf 88' lang='lat' dir='ltr'>navigantibus</span> <span class='ocrx_word' id='word_1_246' title='bbox 449 2274 496 2316; x_wconf 92' lang='lat' dir='ltr'>in</span> <span class='ocrx_word' id='word_1_247' title='bbox 518 2274 612 2316; x_wconf 91' lang='lat' dir='ltr'>alto</span> <span class='ocrx_word' id='word_1_248' title='bbox 634 2288 827 2330; x_wconf 91' lang='lat' dir='ltr'>aequore</span> <span class='ocrx_word' id='word_1_249' title='bbox 847 2273 1070 2329; x_wconf 92' lang='lat' dir='ltr'>superatis</span> <span class='ocrx_word' id='word_1_250' title='bbox 1099 2272 1450 2328; x_wconf 89' lang='lat' dir='ltr'>tempestatibus</span> <span class='ocrx_word' id='word_1_251' title='bbox 1471 2270 1799 2327; x_wconf 91' lang='lat' dir='ltr'>periucundum</span> 
     </span>
     <span class='ocr_line' id='line_1_30' title="bbox 108 2341 1800 2400; baseline -0.001 -15"><span class='ocrx_word' id='word_1_252' title='bbox 108 2347 174 2385; x_wconf 91' lang='lat' dir='ltr'>est</span> <span class='ocrx_word' id='word_1_253' title='bbox 197 2348 358 2399; x_wconf 91' lang='lat' dir='ltr'>optata</span> <span class='ocrx_word' id='word_1_254' title='bbox 380 2344 517 2387; x_wconf 90' lang='lat' dir='ltr'>maris</span> <span class='ocrx_word' id='word_1_255' title='bbox 540 2344 874 2400; x_wconf 88' lang='lat' dir='ltr'>tranquillitate</span> <span class='ocrx_word' id='word_1_256' title='bbox 897 2344 1014 2393; x_wconf 92' lang='lat' dir='ltr'>vehi,</span> <span class='ocrx_word' id='word_1_257' title='bbox 1040 2343 1102 2385; x_wconf 92' lang='lat' dir='ltr'>sic</span> <span class='ocrx_word' id='word_1_258' title='bbox 1125 2348 1170 2385; x_wconf 92' lang='lat' dir='ltr'>et</span> <span class='ocrx_word' id='word_1_259' title='bbox 1193 2343 1240 2384; x_wconf 92' lang='lat' dir='ltr'>in</span> <span class='ocrx_word' id='word_1_260' title='bbox 1263 2343 1379 2385; x_wconf 90' lang='lat' dir='ltr'>bello</span> <span class='ocrx_word' id='word_1_261' title='bbox 1404 2341 1570 2397; x_wconf 82' lang='lat' dir='ltr'>fugatis</span> <span class='ocrx_word' id='word_1_262' title='bbox 1593 2341 1800 2384; x_wconf 90' lang='lat' dir='ltr'>hostibus</span> 
     </span>
    </p>

    <p class='ocr_par' dir='ltr' id='par_1_5' title="bbox 59 2411 1802 2750">
     <span class='ocr_line' id='line_1_31' title="bbox 59 2411 1801 2469; baseline 0.001 -16"><span class='ocrx_word' id='word_1_263' title='bbox 59 2425 95 2453; x_wconf 84' lang='lat'>30</span> <span class='ocrx_word' id='word_1_264' title='bbox 108 2413 411 2469; x_wconf 91' lang='lat' dir='ltr'>gratissimum</span> <span class='ocrx_word' id='word_1_265' title='bbox 446 2420 527 2464; x_wconf 89' lang='lat' dir='ltr'>est,</span> <span class='ocrx_word' id='word_1_266' title='bbox 565 2414 814 2456; x_wconf 89' lang='lat' dir='ltr'>exercitum</span> <span class='ocrx_word' id='word_1_267' title='bbox 849 2414 1039 2456; x_wconf 89' lang='lat' dir='ltr'>ducibus</span> <span class='ocrx_word' id='word_1_268' title='bbox 1074 2418 1207 2469; x_wconf 89' lang='lat' dir='ltr'>parta</span> <span class='ocrx_word' id='word_1_269' title='bbox 1241 2412 1432 2454; x_wconf 89' lang='lat' dir='ltr'>victoria</span> <span class='ocrx_word' id='word_1_270' title='bbox 1465 2416 1511 2454; x_wconf 89' lang='lat' dir='ltr'>et</span> <span class='ocrx_word' id='word_1_271' title='bbox 1546 2411 1801 2454; x_wconf 88' lang='lat' dir='ltr'>desiderata</span> 
     </span>
     <span class='ocr_line' id='line_1_32' title="bbox 109 2482 1800 2541; baseline -0.002 -14"><span class='ocrx_word' id='word_1_272' title='bbox 109 2498 217 2539; x_wconf 89' lang='lat' dir='ltr'>pace</span> <span class='ocrx_word' id='word_1_273' title='bbox 246 2485 346 2527; x_wconf 79' lang='lat' dir='ltr'>frui.</span> <span class='ocrx_word' id='word_1_274' title='bbox 387 2486 535 2541; x_wconf 76' lang='lat' dir='ltr'>Quare</span> <span class='ocrx_word' id='word_1_275' title='bbox 585 2485 742 2534; x_wconf 82' lang='lat' dir='ltr'>fruere,</span> <span class='ocrx_word' id='word_1_276' title='bbox 776 2484 983 2540; x_wconf 86' lang='lat' dir='ltr'>princeps</span> <span class='ocrx_word' id='word_1_277' title='bbox 1019 2484 1134 2533; x_wconf 60' lang='lat' dir='ltr'>Illme,</span> <span class='ocrx_word' id='word_1_278' title='bbox 1172 2483 1340 2538; x_wconf 92' lang='lat' dir='ltr'>duplici</span> <span class='ocrx_word' id='word_1_279' title='bbox 1374 2484 1458 2524; x_wconf 90' lang='lat' dir='ltr'>hac</span> <span class='ocrx_word' id='word_1_280' title='bbox 1494 2487 1575 2524; x_wconf 93' lang='lat' dir='ltr'>tua</span> <span class='ocrx_word' id='word_1_281' title='bbox 1610 2482 1800 2524; x_wconf 84' lang='lat' dir='ltr'>victoria</span> 
     </span>
     <span class='ocr_line' id='line_1_33' title="bbox 109 2552 1801 2611; baseline -0.001 -15"><span class='ocrx_word' id='word_1_282' title='bbox 109 2559 154 2596; x_wconf 91' lang='lat' dir='ltr'>et</span> <span class='ocrx_word' id='word_1_283' title='bbox 179 2555 380 2611; x_wconf 90' lang='lat' dir='ltr'>largitori</span> <span class='ocrx_word' id='word_1_284' title='bbox 408 2555 613 2598; x_wconf 90' lang='lat' dir='ltr'>omnium</span> <span class='ocrx_word' id='word_1_285' title='bbox 641 2556 865 2597; x_wconf 87' lang='lat' dir='ltr'>bonorum</span> <span class='ocrx_word' id='word_1_286' title='bbox 892 2554 1061 2610; x_wconf 89' lang='lat' dir='ltr'>gratias</span> <span class='ocrx_word' id='word_1_287' title='bbox 1090 2568 1182 2609; x_wconf 87' lang='lat' dir='ltr'>age.</span> <span class='ocrx_word' id='word_1_288' title='bbox 1215 2553 1337 2595; x_wconf 91' lang='lat' dir='ltr'>Nihil</span> <span class='ocrx_word' id='word_1_289' title='bbox 1365 2568 1420 2595; x_wconf 86' lang='lat' dir='ltr'>ex</span> <span class='ocrx_word' id='word_1_290' title='bbox 1447 2553 1532 2595; x_wconf 90' lang='lat' dir='ltr'>hac</span> <span class='ocrx_word' id='word_1_291' title='bbox 1560 2558 1642 2595; x_wconf 90' lang='lat' dir='ltr'>tua</span> <span class='ocrx_word' id='word_1_292' title='bbox 1668 2552 1801 2595; x_wconf 91' lang='lat' dir='ltr'>laude</span> 
     </span>
     <span class='ocr_line' id='line_1_34' title="bbox 109 2624 1802 2680; baseline -0.001 -13"><span class='ocrx_word' id='word_1_293' title='bbox 109 2625 246 2675; x_wconf 91' lang='lat' dir='ltr'>miles,</span> <span class='ocrx_word' id='word_1_294' title='bbox 271 2626 382 2668; x_wconf 92' lang='lat' dir='ltr'>nihil</span> <span class='ocrx_word' id='word_1_295' title='bbox 406 2626 625 2675; x_wconf 90' lang='lat' dir='ltr'>centurio,</span> <span class='ocrx_word' id='word_1_296' title='bbox 652 2626 763 2667; x_wconf 90' lang='lat' dir='ltr'>nihil</span> <span class='ocrx_word' id='word_1_297' title='bbox 787 2626 946 2667; x_wconf 92' lang='lat' dir='ltr'>cohors</span> <span class='ocrx_word' id='word_1_298' title='bbox 970 2624 1182 2680; x_wconf 89' lang='lat' dir='ltr'>decerpit,</span> <span class='ocrx_word' id='word_1_299' title='bbox 1210 2624 1290 2666; x_wconf 89' lang='lat' dir='ltr'>sed</span> <span class='ocrx_word' id='word_1_300' title='bbox 1312 2628 1413 2666; x_wconf 90' lang='lat' dir='ltr'>tota</span> <span class='ocrx_word' id='word_1_301' title='bbox 1436 2628 1518 2666; x_wconf 89' lang='lat' dir='ltr'>tua</span> <span class='ocrx_word' id='word_1_302' title='bbox 1541 2628 1622 2673; x_wconf 91' lang='lat' dir='ltr'>est,</span> <span class='ocrx_word' id='word_1_303' title='bbox 1649 2627 1802 2666; x_wconf 89' lang='lat' dir='ltr'>totum</span> 
     </span>
     <span class='ocr_line' id='line_1_35' title="bbox 109 2693 1802 2750; baseline -0.001 -14"><span class='ocrx_word' id='word_1_304' title='bbox 109 2694 192 2737; x_wconf 93' lang='lat' dir='ltr'>tibi</span> <span class='ocrx_word' id='word_1_305' title='bbox 223 2696 425 2740; x_wconf 87' lang='lat' dir='ltr'>debetur.</span> <span class='ocrx_word' id='word_1_306' title='bbox 461 2698 566 2739; x_wconf 93' lang='lat' dir='ltr'>Non</span> <span class='ocrx_word' id='word_1_307' title='bbox 597 2697 718 2739; x_wconf 91' lang='lat' dir='ltr'>enim</span> <span class='ocrx_word' id='word_1_308' title='bbox 749 2695 961 2738; x_wconf 91' lang='lat' dir='ltr'>humanis</span> <span class='ocrx_word' id='word_1_309' title='bbox 993 2695 1176 2744; x_wconf 86' lang='lat' dir='ltr'>viribus,</span> <span class='ocrx_word' id='word_1_310' title='bbox 1211 2695 1291 2737; x_wconf 90' lang='lat' dir='ltr'>sed</span> <span class='ocrx_word' id='word_1_311' title='bbox 1322 2694 1487 2737; x_wconf 84' lang='lat' dir='ltr'>Christi</span> <span class='ocrx_word' id='word_1_312' title='bbox 1517 2693 1726 2750; x_wconf 86' lang='lat' dir='ltr'>potentia</span> <span class='ocrx_word' id='word_1_313' title='bbox 1756 2698 1802 2736; x_wconf 91' lang='lat' dir='ltr'>et</span> 
     </span>
    </p>

    <p class='ocr_par' dir='ltr' id='par_1_6' title="bbox 62 2764 1803 3033">
     <span class='ocr_line' id='line_1_36' title="bbox 62 2764 1801 2823; baseline -0.001 -16"><span class='ocrx_word' id='word_1_314' title='bbox 62 2765 387 2822; x_wconf 63' lang='lat' dir='ltr'>azbenignitate</span> <span class='ocrx_word' id='word_1_315' title='bbox 420 2768 496 2823; x_wconf 94' lang='lat' dir='ltr'>(ob</span> <span class='ocrx_word' id='word_1_316' title='bbox 525 2767 832 2810; x_wconf 89' lang='lat' dir='ltr'>constantiam</span> <span class='ocrx_word' id='word_1_317' title='bbox 863 2772 970 2808; x_wconf 91' lang='lat' dir='ltr'>tuae</span> <span class='ocrx_word' id='word_1_318' title='bbox 999 2765 1116 2820; x_wconf 90' lang='lat' dir='ltr'>fidei)</span> <span class='ocrx_word' id='word_1_319' title='bbox 1152 2765 1239 2807; x_wconf 81' lang='lat' dir='ltr'>fusi</span> <span class='ocrx_word' id='word_1_320' title='bbox 1269 2770 1374 2807; x_wconf 92' lang='lat' dir='ltr'>sunt</span> <span class='ocrx_word' id='word_1_321' title='bbox 1404 2764 1627 2807; x_wconf 85' lang='lat' dir='ltr'>exercitus</span> <span class='ocrx_word' id='word_1_322' title='bbox 1656 2764 1801 2806; x_wconf 91' lang='lat' dir='ltr'>inimi-</span> 
     </span>
     <span class='ocr_line' id='line_1_37' title="bbox 110 2834 1802 2886; baseline -0.001 -8"><span class='ocrx_word' id='word_1_323' title='bbox 110 2849 275 2879; x_wconf 90' lang='lat' dir='ltr'>corum.</span> <span class='ocrx_word' id='word_1_324' title='bbox 319 2837 454 2880; x_wconf 90' lang='lat' dir='ltr'>Cuius</span> <span class='ocrx_word' id='word_1_325' title='bbox 487 2838 707 2880; x_wconf 89' lang='lat' dir='ltr'>sinceram</span> <span class='ocrx_word' id='word_1_326' title='bbox 737 2837 887 2886; x_wconf 90' lang='lat' dir='ltr'>fidem,</span> <span class='ocrx_word' id='word_1_327' title='bbox 932 2836 968 2879; x_wconf 93' lang='lat' dir='ltr'>si</span> <span class='ocrx_word' id='word_1_328' title='bbox 998 2841 1049 2878; x_wconf 92' lang='lat' dir='ltr'>ut</span> <span class='ocrx_word' id='word_1_329' title='bbox 1081 2837 1301 2878; x_wconf 87' lang='lat' dir='ltr'>hactenus</span> <span class='ocrx_word' id='word_1_330' title='bbox 1342 2835 1502 2885; x_wconf 81' lang='lat' dir='ltr'>fecisti,</span> <span class='ocrx_word' id='word_1_331' title='bbox 1545 2849 1636 2877; x_wconf 92' lang='lat' dir='ltr'>non</span> <span class='ocrx_word' id='word_1_332' title='bbox 1666 2834 1802 2877; x_wconf 93' lang='lat' dir='ltr'>modo</span> 
     </span>
     <span class='ocr_line' id='line_1_38' title="bbox 110 2905 1800 2964; baseline 0 -17"><span class='ocrx_word' id='word_1_333' title='bbox 110 2907 320 2961; x_wconf 88' lang='lat' dir='ltr'>profiteri,</span> <span class='ocrx_word' id='word_1_334' title='bbox 362 2909 440 2951; x_wconf 90' lang='lat' dir='ltr'>sed</span> <span class='ocrx_word' id='word_1_335' title='bbox 480 2909 620 2951; x_wconf 91' lang='lat' dir='ltr'>etiam</span> <span class='ocrx_word' id='word_1_336' title='bbox 659 2921 908 2964; x_wconf 88' lang='lat' dir='ltr'>propagare</span> <span class='ocrx_word' id='word_1_337' title='bbox 947 2906 1205 2962; x_wconf 90' lang='lat' dir='ltr'>perrexeris,</span> <span class='ocrx_word' id='word_1_338' title='bbox 1261 2907 1355 2962; x_wconf 93' lang='lat' dir='ltr'>ipse</span> <span class='ocrx_word' id='word_1_339' title='bbox 1394 2906 1478 2948; x_wconf 91' lang='lat' dir='ltr'>tibi</span> <span class='ocrx_word' id='word_1_340' title='bbox 1517 2905 1800 2961; x_wconf 89' lang='lat' dir='ltr'>sapientiam,</span> 
     </span>
     <span class='ocr_line' id='line_1_39' title="bbox 111 2975 1803 3033; baseline -0.001 -15"><span class='ocrx_word' id='word_1_341' title='bbox 111 2977 398 3031; x_wconf 92' lang='lat' dir='ltr'>prudentiam</span> <span class='ocrx_word' id='word_1_342' title='bbox 425 2984 470 3021; x_wconf 93' lang='lat' dir='ltr'>et</span> <span class='ocrx_word' id='word_1_343' title='bbox 498 2980 636 3022; x_wconf 93' lang='lat' dir='ltr'>robur</span> <span class='ocrx_word' id='word_1_344' title='bbox 662 2977 954 3026; x_wconf 86' lang='lat' dir='ltr'>ministrabit,</span> <span class='ocrx_word' id='word_1_345' title='bbox 984 2982 1319 3033; x_wconf 89' lang='lat' dir='ltr'>oppugnatores</span> <span class='ocrx_word' id='word_1_346' title='bbox 1345 2991 1499 3019; x_wconf 89' lang='lat' dir='ltr'>coram</span> <span class='ocrx_word' id='word_1_347' title='bbox 1525 2980 1570 3018; x_wconf 89' lang='lat' dir='ltr'>te</span> <span class='ocrx_word' id='word_1_348' title='bbox 1597 2975 1803 3018; x_wconf 87' lang='lat' dir='ltr'>veritatis</span> 
     </span>
    </p>
   </div>
   <div class='ocr_carea' id='block_1_5' title="bbox 236 3102 931 3149">
    <p class='ocr_par' dir='ltr' id='par_1_7' title="bbox 236 3102 931 3149">
     <span class='ocr_line' id='line_1_40' title="bbox 236 3102 931 3149; baseline 0.001 -13"><span class='ocrx_word' id='word_1_349' title='bbox 236 3102 249 3123; x_wconf 88' lang='lat'><strong>²</strong></span> <span class='ocrx_word' id='word_1_350' title='bbox 279 3103 355 3137; x_wconf 91' lang='lat' dir='ltr'>III.</span> <span class='ocrx_word' id='word_1_351' title='bbox 385 3105 604 3139; x_wconf 86' lang='lat' dir='ltr'>Antiochos</span> <span class='ocrx_word' id='word_1_352' title='bbox 632 3105 762 3138; x_wconf 87' lang='lat' dir='ltr'>sziriai</span> <span class='ocrx_word' id='word_1_353' title='bbox 789 3104 931 3149; x_wconf 78' lang='lat' dir='ltr'>kiraly.</span> 
     </span>
    </p>
   </div>
  </div>
 </body>
</html>
