2188 3535
106 150 201 195 1576
231 148 315 182 okt.
355 147 391 191 1]
860 145 935 180 No.
974 155 1014 191 15
1744 156 1786 194 55

105 279 177 307 me
202 278 301 320 spes
326 263 568 312 fefellisset,
609 262 646 305 si
671 263 841 306 diutius
875 277 978 305 eum
1012 262 1366 318 Transylvaniae
1404 277 1609 319 praeesse
1647 265 1790 307 conti-

105 335 251 391 gisset.
280 335 380 376 Iam
405 333 525 376 enim
547 334 802 389 Gasparum
819 334 1074 382 Bekesium,
1102 332 1372 376 Arianorum
1397 338 1443 375 et
1465 334 1791 390 Anabaptista-

106 419 205 447 rum
226 404 583 460 antesignanum,
619 404 665 446 in
695 418 785 460 quo
806 409 957 447 totum
977 404 1113 446 robur
1133 417 1264 446 suum
1285 403 1615 448 constituerant
1635 405 1789 448 haere-

105 475 196 524 tici,
229 475 394 530 duplici
423 474 614 517 victoria
642 474 708 517 ita
737 475 942 530 fregerat,
975 479 1027 516 ut
1058 474 1192 516 tertio
1223 474 1386 529 erigere
1416 488 1462 516 se
1492 479 1650 518 contra
1680 489 1784 519 eum

55 559 74 586 5
105 560 186 587 nec
207 545 405 595 auderet,
429 559 510 587 nec
531 550 695 600 posset.
721 545 820 587 Iam
842 544 1161 587 coniurationis
1182 545 1336 594 socios,
1360 545 1564 588 homines
1586 545 1787 589 furentes

105 615 306 664 audacia,
341 616 481 658 scelus
512 616 788 665 anhelantes,
822 620 995 671 pestem
1027 615 1200 670 patriae
1231 615 1480 666 molientes,
1506 615 1610 658 fidei
1631 617 1786 659 catho-

105 686 215 729 licae
238 685 429 728 exitium
452 686 729 735 minitantes,
755 700 820 735 ea,
846 700 937 742 qua
959 685 1081 741 digni
1104 690 1245 734 erant,
1286 700 1430 741 poena
1469 686 1786 730 mulctaverat.

107 757 206 799 Iam
228 761 437 799 externos
459 761 504 799 et
526 756 726 799 internos
747 757 899 799 hostes
921 756 1209 805 contriverat,
1234 756 1558 812 magnificeque
1580 756 1635 799 de
1657 757 1790 799 utris-

106 841 193 883 que
219 826 596 883 triumphaverat.
627 827 726 869 Iam
753 827 811 870 ab
837 827 961 869 omni
985 827 1115 869 hoste
1142 840 1321 869 securus
1347 827 1530 882 pacifice
1556 828 1789 882 regnabat,

56 913 90 940 10
106 912 351 953 omnesque
371 897 667 953 cogitationes
686 912 789 940 suas
809 897 869 940 ad
886 896 1108 953 religionis
1127 896 1461 939 restitutionem
1480 898 1790 947 transtulerat,

106 968 152 1010 in
167 969 341 1024 hocque
358 968 512 1010 sedulo
528 968 835 1017 incumbebat,
854 967 1082 1024 quomodo
1099 967 1271 1022 templa
1285 971 1570 1016 restauraret,
1590 968 1793 1010 redditus

108 1038 429 1081 ecclesiasticos
457 1053 480 1081 e
508 1039 718 1081 manibus
745 1039 909 1081 iniuste
936 1038 1264 1094 possidentium
1292 1042 1478 1086 erueret,
1508 1038 1627 1079 unde
1655 1038 1793 1093 potis-

107 1109 272 1152 simum
297 1109 543 1152 catholicos
568 1109 786 1158 doctores,
813 1109 932 1152 viros
956 1109 1053 1164 pios
1077 1112 1122 1150 et
1146 1107 1371 1162 religiosos
1395 1107 1650 1149 adduceret.

221 1181 344 1223 Dum
362 1180 432 1222 his
452 1179 690 1235 praeclaris
718 1180 927 1235 operibus
957 1179 1160 1221 intentus
1180 1182 1295 1220 esset
1315 1182 1360 1219 et
1380 1178 1473 1219 zelo
1493 1177 1674 1219 honoris
1693 1178 1790 1227 Dei,

55 1262 90 1290 15
106 1265 158 1293 ac
181 1250 285 1293 fidei
309 1251 558 1293 catholicae
582 1250 900 1306 propagandae
925 1249 1101 1292 arderet
1126 1262 1278 1290 amore
1299 1261 1306 1290 :
1334 1262 1389 1290 en
1412 1252 1591 1303 praeter
1614 1262 1795 1291 omnem

106 1336 246 1377 spem,
274 1326 433 1363 contra
457 1321 610 1363 omnia
633 1321 838 1363 humana
862 1320 1058 1369 consilia,
1103 1332 1268 1361 corona
1291 1318 1415 1374 regni
1440 1318 1652 1360 Poloniae
1676 1319 1795 1360 ultro

104 1393 164 1434 ad
189 1406 293 1434 eum
318 1392 519 1434 defertur
549 1396 594 1433 et
623 1391 872 1433 multarum
899 1389 1233 1446 provinciarum
1259 1402 1367 1431 cura
1392 1393 1437 1431 et
1463 1388 1730 1444 gubernatio
1756 1389 1796 1431 ei

105 1462 423 1505 committitur.
459 1462 497 1504 O
530 1461 808 1504 admirabilis
840 1461 924 1503 Dei
955 1459 1269 1516 providentia;
1303 1474 1329 1502 o
1355 1459 1536 1501 bonitas
1560 1458 1793 1508 immensa,

104 1547 220 1589 quae
242 1547 333 1575 non
355 1533 501 1575 solum
523 1532 569 1574 in
593 1531 747 1574 futuro
772 1532 964 1580 saeculo,
994 1531 1074 1574 sed
1101 1531 1147 1573 in
1175 1530 1259 1572 hac
1288 1543 1468 1586 quoque
1496 1529 1594 1572 vita
1621 1529 1686 1578 iis,
1716 1531 1796 1586 qui

54 1618 235 1648 2osuam
267 1617 480 1659 sponsam
512 1602 746 1645 ecclesiam
773 1602 1044 1645 catholicam
1077 1605 1276 1649 tuentur,
1311 1600 1513 1656 praemia
1539 1604 1585 1642 et
1606 1600 1796 1642 honores

107 1674 408 1730 amplissimos
440 1673 654 1729 la1·gitur;
689 1677 742 1714 ut
775 1673 837 1715 sic
859 1686 934 1715 eos
967 1672 1027 1714 ad
1058 1672 1233 1715 labores
1266 1671 1457 1714 maiores
1489 1685 1570 1726 pro
1603 1670 1797 1713 veritate

109 1745 366 1788 subeundos
386 1744 567 1793 excitet,
611 1744 831 1793 hortetur,
854 1743 1071 1798 impellat.
1095 1742 1134 1784 O
1155 1747 1326 1797 terque,
1349 1746 1600 1797 quaterque
1621 1741 1796 1784 felicem

108 1816 355 1865 Poloniam,
385 1829 501 1871 quae
530 1815 669 1857 talem
696 1814 846 1857 virum
874 1828 1023 1869 regem
1050 1813 1215 1856 habere
1237 1812 1429 1856 meruit:
1459 1812 1669 1854 miseram
1692 1825 1797 1854 vero

107 1886 497 1943 Transylvaniam,
540 1899 657 1941 quae
697 1890 795 1927 tam
836 1884 996 1940 exiguo
1037 1889 1241 1939 tempore
1282 1883 1537 1938 praesentia
1576 1882 1670 1924 eius
1710 1881 1798 1924 frui

55 1966 90 1995 25
109 1958 272 2013 potuit.
294 1957 382 2000 sed
398 1971 490 1999 non
507 1961 589 2006 est,
609 1956 733 2012 quod
747 1956 845 2011 ipsa
860 1969 1040 2011 quoque
1056 1954 1362 1997 contristetur.
1383 1955 1503 1997 Nam
1519 1967 1599 2008 pro
1615 1952 1797 1995 domino

109 2029 339 2085 Stephano
362 2028 605 2077 Bathoreo,
638 2026 805 2082 recepit
830 2026 1017 2068 fratrem
1040 2025 1134 2068 eius
1170 2025 1307 2067 Illmum
1329 2024 1567 2067 dominum
1603 2022 1798 2066 Christo-

108 2100 301 2155 phorum
331 2099 625 2147 Bathoreum,
657 2097 755 2153 pari
784 2096 888 2139 fidei
918 2095 1176 2138 constantia
1204 2094 1476 2151 praeditum,
1508 2093 1666 2136 eodem
1696 2106 1796 2148 pro-

110 2170 344 2226 pagandae
390 2168 613 2224 religionis
659 2168 753 2210 zelo
800 2181 1078 2215 succensum,
1128 2165 1287 2208 maiori
1333 2164 1472 2208 animi
1502 2163 1798 2206 submissione

113 2242 252 2298 (quod
266 2254 377 2296 pace
393 2235 517 2282 Sermi
533 2239 705 2281 domini
720 2237 939 2293 Stephani
961 2236 1177 2279 Bathorei
1198 2235 1402 2289 dixerim)
1428 2238 1653 2276 ornatum.
1678 2232 1797 2276 Nam

55 2321 92 2349 30
111 2325 215 2354 cum
239 2311 389 2367 ipsum
414 2310 629 2353 nobilitas
650 2308 1005 2364 Transylvanica
1029 2307 1076 2349 in
1101 2305 1359 2354 vaivodam,
1386 2304 1434 2347 id
1457 2309 1525 2347 est
1549 2303 1798 2359 principem

109 2382 324 2438 elegisset,
342 2395 443 2424 eam
462 2379 732 2436 dignitatem
754 2379 800 2421 in
822 2379 1008 2420 fratrem
1030 2376 1278 2425 transtulit,
1295 2375 1465 2418 malens
1486 2374 1580 2430 ipse
1600 2373 1794 2422 subesse,

108 2467 248 2508 quam
295 2465 512 2508 praeesse.
562 2451 686 2493 Deus
733 2453 901 2497 autem,
951 2447 1029 2503 qui
1075 2446 1264 2489 humilia
1310 2444 1490 2501 respicit
1538 2448 1583 2487 et
1631 2444 1725 2486 alta
1771 2457 1799 2486 a

109 2523 238 2579 longe
264 2522 506 2579 cognoscit,
551 2521 706 2563 nolens
732 2523 912 2562 tantam
938 2517 1244 2560 humilitatem
1269 2516 1643 2558 irremuneratam
1668 2513 1798 2556 relin-

110 2608 244 2649 quere
281 2598 327 2636 et
364 2593 492 2635 illum
530 2591 590 2635 ad
626 2590 807 2633 altiores
843 2590 1034 2631 honores
1071 2586 1313 2643 promovit,
1371 2590 1416 2628 et
1453 2585 1557 2627 huic
1594 2584 1797 2627 debitam

57 2676 93 2705 35
112 2663 380 2720 dignitatem
408 2662 621 2706 restituit.
654 2663 795 2704 Recte
823 2674 850 2702 a
877 2658 1157 2715 sapientibus
1184 2657 1324 2713 gloria
1351 2656 1588 2699 crocodillo
1617 2668 1797 2710 compa-

110 2740 236 2777 ratur
255 2749 264 2786 ;
290 2749 398 2777 nam
423 2734 540 2777 sicut
564 2733 637 2775 hic
662 2735 901 2788 sequentes
925 2743 971 2772 se
996 2728 1125 2784 fugit,
1152 2728 1374 2783 fugientes
1398 2741 1505 2769 vero
1529 2725 1794 2781 insequitur,

110 2804 170 2847 sic
196 2806 270 2849 ille
310 2805 598 2861 insequentes
626 2817 672 2845 se
700 2807 745 2845 et
776 2799 1110 2857 apprehendere
1138 2798 1370 2854 cupientes
1398 2797 1543 2853 fugit;
1575 2795 1797 2851 fugientes

111 2880 262 2918 autem
296 2881 341 2918 et
374 2875 453 2932 qui
483 2875 630 2931 ipsam
662 2875 975 2919 contemnunt,
1009 2870 1129 2912 ultro
1161 2869 1377 2925 sequitur.
1428 2867 1642 2911 Gratulor
1671 2866 1794 2908 Tuae

110 2944 227 2987 Illmae
277 2945 590 2989 Dominationi
611 2957 619 2993 ;
677 2943 851 2999 gaudeo
904 2939 1258 2996 Transylvaniae
1300 2943 1345 2982 et
1387 2952 1555 2994 precor,
1588 2941 1641 2978 ut
1682 2936 1792 2978 haec

59 3014 306 3071 wdignitas
340 3016 472 3059 cedat
507 3016 567 3059 ad
599 3016 817 3058 honorem
852 3011 948 3061 Dei,
986 3010 1045 3054 ad
1078 3010 1327 3053 utilitatem
1363 3007 1622 3065 Hungariae
1657 3010 1702 3049 et
1738 3004 1797 3048 ad

111 3085 302 3129 salutem
327 3087 589 3130 multorum.
