2188 3535
352 199 422 243 198
1116 189 1190 223 No.
1219 191 1268 233 64
1694 187 1806 230 [1581
1835 187 1960 230 szept.
1985 195 2029 221 21

1158 300 1229 344 64.

800 376 1048 423 Kolozsvdr,
1083 376 1198 429 1581
1228 376 1480 431 szeptember
1510 388 1579 417 21.

471 462 516 500 P.
534 459 687 499 Szanto
709 458 856 497 Istvan
878 456 1126 508 Raynaldus
1148 456 1318 508 Frigyes
1339 457 1532 496 vatikani
1553 454 1915 508 konyvtarosnak.

464 527 788 580 Hallgatdsdnak
827 526 934 566 okai.
983 527 1228 578 Idey'bvetele.
1269 528 1465 578 Helyzete.
1507 527 1806 579 Figyelmezteti
1844 539 1916 578 egy
1955 526 2041 577 refgi

347 590 552 629 keziratra.
2071 600 2088 627 5

477 662 572 703 Pax
604 657 780 701 Christi.

476 729 649 772 Miraris
667 729 758 770 iam
775 728 883 771 olim
899 733 969 770 sat
986 729 1091 778 scio,
1110 729 1332 772 Friderice
1347 729 1646 779 ornatissime,
1664 728 1776 785 quid
1790 743 1951 771 causae
1965 729 2037 779 sit,

347 815 425 844 cur
444 802 664 842 hactenus
685 799 795 841 nihil
817 799 875 841 ad
898 804 943 841 te
964 799 1199 842 literarum
1223 800 1457 844 dederim?
1476 803 1492 829 1
1520 802 1702 849 Verum,
1732 799 1812 841 ubi
1839 799 2042 842 diuturni

347 871 511 914 silentii
536 885 694 912 causas
718 870 992 926 cognoveris,
1019 870 1234 912 admirari
1259 871 1445 913 desines.
1474 872 1639 914 Sumus
1663 870 1783 913 enim
1807 870 1879 912 hic
1903 870 2043 927 sylvis

347 947 390 984 et
415 942 646 984 montibus
668 941 868 997 undique
891 941 1219 996 circumspecti,
1245 956 1297 983 ac
1319 942 1506 997 proinde
1521 942 1654 997 pauci
1668 942 1773 984 hinc
1796 941 1842 983 in
1865 946 2044 984 exteras
2057 956 2092 984 ιο

347 1013 554 1055 nationes
596 1017 641 1054 et
684 1012 906 1054 distantes
949 1012 1205 1067 provincias
1243 1013 1546 1068 egrediuntur,
1592 1018 1638 1055 et
1681 1012 1914 1068 pauciores
1955 1014 2044 1055 huc

348 1084 408 1126 ad
431 1098 512 1126 nos
536 1083 860 1139 ingrediuntur.
890 1084 1055 1139 Itaque
1078 1083 1151 1125 hic
1176 1088 1404 1126 certorum
1428 1089 1474 1125 et
1499 1083 1765 1126 idoneorum
1790 1083 2045 1126 tabellario-

348 1169 449 1197 rum
479 1154 680 1196 maxima
708 1155 967 1196 laboramus
997 1154 1163 1209 inopia.
1197 1154 1372 1197 Deinde
1403 1155 1588 1197 tametsi
1618 1155 1748 1197 nobis
1778 1155 2046 1197 nunciorum

349 1240 440 1268 non
474 1225 731 1281 infrequens
765 1230 881 1267 esset
917 1225 1060 1280 copia,
1099 1240 1126 1268 a
1160 1225 1390 1268 laboribus
1425 1231 1581 1268 tamen
1616 1225 1808 1268 assiduis
1842 1231 1888 1268 et
1923 1225 2047 1268 seriis

349 1296 721 1352 occupationibus
759 1310 860 1338 raro
899 1296 1073 1352 aliquid
1111 1302 1314 1351 superest
1355 1297 1588 1352 temporis,
1646 1297 1771 1353 quod
1809 1296 2048 1339 exarandis
2061 1308 2096 1335 15

350 1367 490 1409 literis
534 1372 579 1409 et
624 1367 871 1409 amicorum
929 1367 1198 1410 dulcissimis
1256 1368 1488 1423 colloquiis
1539 1367 1915 1424 impenderemus.
1964 1367 2049 1410 His

351 1438 537 1488 accedit,
572 1438 695 1494 quod
724 1452 793 1480 res
830 1452 976 1481 novae
1014 1438 1247 1481 inauditae
1286 1444 1331 1480 et
1369 1439 1606 1488 iucundae,
1647 1438 1813 1494 quibus
1852 1438 2048 1482 Romani

352 1509 635 1551 delectantur
656 1514 701 1551 et
724 1510 778 1551 de
801 1510 966 1565 quibus
988 1510 1262 1565 oportuisset
1286 1524 1358 1552 me
1380 1510 1441 1552 ad
1462 1515 1508 1552 te
1530 1510 1735 1559 scribere,
1760 1524 1851 1552 non
1874 1510 2048 1552 soleant

350 1580 423 1622 hic
447 1580 715 1636 contingere,
741 1594 822 1622 nec
846 1580 1027 1623 aliunde
1050 1582 1138 1623 huc
1161 1580 1326 1622 inferri.
1353 1582 1394 1623 A
1416 1581 1547 1623 vobis
1569 1581 1708 1636 igitur
1730 1581 1874 1636 magis
1896 1580 2048 1623 huius-

353 1651 476 1693 modi
492 1651 731 1700 novitates,
750 1666 888 1707 quam
913 1666 940 1693 a
964 1652 1094 1694 nobis
1115 1652 1424 1707 expectandae
1448 1656 1569 1694 sunt.
1597 1652 1710 1694 Cum
1737 1653 1886 1694 Roma
1909 1656 2048 1707 caput
2063 1663 2098 1691 20

353 1721 512 1764 mundi
533 1726 577 1764 et
600 1729 746 1764 mater
766 1723 823 1764 sit
843 1723 1167 1765 vicissitudinis
1189 1728 1234 1765 et
1256 1737 1480 1765 novarum
1501 1737 1665 1772 rerum,
1689 1727 1741 1764 ut
1763 1722 1887 1778 quod
1907 1722 2050 1765 veteri

354 1792 591 1848 proverbio
635 1799 754 1835 recte
798 1794 852 1835 de
890 1794 1044 1836 Africa
1087 1795 1395 1849 usurpabatur
1440 1795 1634 1849 (semper
1677 1793 1850 1849 aliquid
1898 1793 2052 1835 Africa

354 1868 569 1919 apportat
591 1865 729 1919 novi),
754 1865 902 1907 verius
932 1879 1052 1907 nunc
1082 1865 1138 1907 de
1169 1867 1318 1908 Roma
1347 1865 1435 1907 dici
1465 1870 1646 1920 potest:
1678 1862 1758 1906 Ἄεὶ.
1790 1867 1816 1921 ἡ
1848 1863 1986 1920 Ῥώμη
2021 1881 2053 1906 τι

354 1936 482 1976 καινὸν
514 1938 630 1992 φέρεν..
664 1936 844 1987 Verum,
874 1941 925 1978 ut
948 1936 1091 1992 possis
1113 1936 1242 1978 facile
1264 1950 1540 1992 cognoscere,
1566 1935 1645 1978 ubi
1677 1936 1817 1978 simus
1847 1937 2052 1992 gentium

355 2010 401 2048 et
432 2006 542 2062 quid
572 2021 770 2062 agamus,
804 2007 866 2049 sic
897 2008 1095 2050 breviter
1133 2007 1296 2062 accipe.
2066 2020 2102 2048 25

489 2077 690 2132 Septima
715 2078 976 2120 Decembris
1001 2078 1108 2120 anni
1136 2090 1246 2134 1579
1273 2080 1422 2120 Roma
1447 2078 1732 2120 discessimus
1757 2083 1802 2120 et
1827 2078 1984 2121 multis
2007 2078 2054 2120 in

356 2147 514 2190 itinere
535 2149 750 2191 molestiis
769 2154 815 2191 et
836 2149 1184 2192 difficultatibus
1205 2149 1441 2204 superatis,
1464 2154 1568 2204 post
1589 2162 1614 2203 3
1635 2150 1726 2192 fere
1746 2163 1922 2191 menses
1941 2149 2055 2192 salvi

359 2219 685 2274 Claudiopolim
717 2220 954 2263 civitatem
985 2221 1340 2276 Transylvaniae
1372 2220 1690 2276 pervenimus;
1725 2220 1803 2262 ubi
1834 2221 2055 2263 hactenus

359 2291 744 2344 perseveravimus
765 2297 810 2333 et
832 2291 1221 2347 perseverabimus
1242 2291 1463 2347 quamdiu
1484 2291 1665 2333 divinae
1686 2291 1884 2333 bonitati
1906 2290 2056 2334 visum

361 2360 506 2403 fuerit.
546 2362 723 2404 Bellum
759 2367 915 2405 autem
950 2363 1080 2405 nobis
1115 2363 1188 2405 hic
1224 2368 1292 2404 est
1329 2362 1597 2404 continuum
1633 2376 1737 2404 cum
1772 2362 2056 2418 quadruplici
2069 2378 2104 2405 3ο

361 2445 517 2485 genere
546 2433 903 2476 haereticorum:
936 2434 1190 2476 Trinitariis
1220 2433 1402 2483 scilicet,
1436 2433 1764 2489 Anabaptistis,
1798 2433 2057 2476 Calvinistis

363 2506 408 2542 et
446 2502 714 2546 Lutheranis
734 2518 743 2554 ;
786 2519 841 2546 ex
880 2505 1046 2560 quibus
1084 2505 1266 2560 plurimi
1321 2505 1413 2546 iam
1453 2504 1729 2546 transierunt
1768 2508 1813 2545 et
1853 2504 2057 2559 quotidie

365 2576 598 2614 transcunt
622 2575 668 2616 in
691 2580 847 2617 nostra
873 2581 1034 2617 castra.
1061 2576 1199 2631 Apud
1220 2577 1302 2618 hos
1325 2575 1436 2617 nihil
1459 2589 1640 2630 prorsus
1662 2575 1832 2616 habent
1857 2575 2057 2617 authori-

367 2642 476 2683 tatis
509 2644 703 2695 Scotus‚2
736 2646 777 2688 S.
802 2647 1037 2696 Thomas‚³
1069 2647 1325 2689 Alexander
1347 2646 1592 2695 Halensis‚4
1626 2645 1834 2695 Holkot‚⁵
1867 2645 2059 2695 Bricot,⁶

367 2713 641 2764 Durandus‚⁷
679 2717 869 2766 Decreta,
910 2718 1162 2766 Decretales,
1205 2718 1416 2764 Concilia,
1457 2717 1610 2758 Patres
1648 2717 1935 2764 ecclesiastici,
1977 2721 2057 2759 aut
2070 2733 2107 2761 35

370 2783 597 2826 Pontificis
621 2787 886 2838 authoritas,
913 2788 1088 2830 ratiove
1111 2787 1344 2837 naturalis,
1370 2787 1449 2829 sed
1471 2801 1637 2843 purum
1660 2791 1843 2828 tantum
1867 2788 2059 2830 verbum

429 2927 436 2933 Ρ
468 2928 473 2932 ¹
498 2882 510 2901 ¹
540 2883 571 2914 E
602 2884 887 2928 kifejczeseben
914 2887 1062 2922 Szanto
1088 2891 1187 2932 atya
1206 2887 1535 2930 megfeledkezett
1565 2885 1680 2925 arrol‚
1711 2886 1818 2930 hogy
1852 2888 1947 2930 1580
1976 2888 2059 2922 feb-

371 2938 524 2961 ruarms
554 2931 666 2972 25-en
696 2933 779 2966 mar
805 2934 857 2967 irt
888 2935 1221 2979 Raynaldusnak,
1251 2933 1405 2967 mikent
1435 2943 1495 2977 33.
1525 2943 1578 2966 sz.
1607 2943 1642 2966 a.
1672 2933 1794 2966 levele
1822 2933 2057 2980 bizonyitja.

501 2975 514 2995 ²
543 2975 653 3010 Duns
681 2979 802 3022 Janos
830 2981 939 3015 XIV.
966 2982 1125 3016 szazadi
1151 2981 1253 3015 hires
1278 2980 1577 3014 francziskzinus
1602 2980 1721 3014 barat
1746 2980 1819 3014 iroi
1844 2991 1955 3016 neve.

498 3022 512 3041 ³
540 3023 710 3067 Aquinoi
740 3032 851 3061 szent
877 3028 1036 3069 Tameis,
1065 3028 1379 3074 egyhazdoktor.
2073 3035 2108 3063 4ο

501 3068 515 3088 ⁴
544 3070 678 3104 Halesi
709 3071 860 3108 Sandor
892 3075 1010 3109 XIII.
1045 3075 1203 3110 szazadi
1230 3075 1346 3118 angol
1375 3074 1643 3108 skolasztikus
1674 3074 1860 3108 bolcsesz.

502 3115 516 3135 ⁵
546 3116 696 3151 Holkot
724 3120 876 3155 Robert
902 3123 1069 3167 egyhazi
1094 3123 1163 3157 iro.
1220 3122 1234 3143 ⁸
1264 3122 1401 3155 Bricot
1433 3121 1506 3155 XI.
1540 3121 1703 3155 szazadi
1732 3121 1803 3155 iro.

503 3162 515 3182 ⁷
545 3162 709 3198 Durand
741 3166 890 3202 Vilmos
922 3170 1032 3203 XIV.
1065 3170 1225 3203 szazadi
1255 3168 1473 3213 kanonJ‘ogi
1503 3168 1573 3202 iro.
