2188 3535
310 257 334 290 4
1092 228 1167 262 No.
1204 238 1222 272 3
1706 219 1822 262 [1572
1851 214 1933 260 jan.
1963 222 2010 256 23

311 375 358 414 et
399 367 479 426 qui
516 371 561 408 et
610 363 664 406 de
699 355 1024 403 commoditate
1060 351 1159 401 loci,
1185 355 1230 393 et
1257 347 1560 405 proventibus
1582 347 1706 386 certa
1727 345 1773 383 et
1796 338 1882 382 sibi
1902 338 2015 380 bene

312 442 548 496 comperta
580 434 711 480 dicet,
749 428 875 471 cuius
909 423 1062 467 verbis
1097 426 1150 464 ut
1185 421 1322 463 fidem
1357 418 1514 466 faciat,
1547 425 1769 470 rogamus.
1807 411 1870 453 Et
1903 408 2017 451 bene

349 511 483 554 aleat.

314 527 344 555 v
446 580 592 622 Datae
628 573 674 614 in
707 568 894 612 civitate
928 565 1154 612 Colosuar,
1193 574 1258 616 14.
1297 557 1565 604 Decembris
1600 566 1723 610 1571.

447 646 704 701 Stephanus
735 631 942 693 Bathory
974 635 1029 678 de
1061 633 1244 689 Somlyo
1277 645 1391 688 mpr.

450 760 692 802 Kiilczime:
735 752 813 795 Rd0
837 752 1011 793 domino
1041 746 1412 801 superintendenti
1455 758 1529 784 seu
1562 739 1812 796 provinciali
1842 734 2026 790 generali

316 821 546 866 Societatis
571 820 676 870 Jesu
704 816 748 855 in
778 811 1008 866 provinciis
1038 810 1192 850 Sacrae
1221 808 1452 847 Caesareae
1484 802 1566 844 Mtis
1595 806 1675 842 etc.
1721 799 1869 839 Amico
1905 795 2026 835 nobis

314 880 574 925 honorando.
608 877 808 917 Viennae.

706 972 898 1018 (Eredeti‚
928 980 952 1005 a
981 965 1277 1016 Jezsuita-rend
1305 962 1615 1004 leveltaraban.)

452 1081 504 1122 M
507 1077 722 1132 egjegyzes.
749 1074 944 1125 Bathory
970 1070 1119 1110 Istvan
1145 1066 1367 1119 fejedelem
1391 1077 1414 1103 e
1440 1060 1640 1102 levelerol
1665 1072 1690 1098 a
1716 1058 1830 1098 becsi
1850 1055 2031 1109 spanyol
2046 1061 2080 1089 10

321 1145 454 1184 kovet
486 1140 539 1190 (el
566 1137 707 1179 Conde
734 1135 786 1174 de
813 1130 1098 1183 Monteagudo
1120 1143 1128 1168 :
1161 1129 1257 1167 Don
1285 1125 1509 1165 Francisco
1537 1120 1752 1166 Hurtado)
1781 1118 1814 1157 is
1843 1116 2031 1161 ertesiilt‚

323 1204 391 1244 sot
417 1199 647 1241 masolatat
675 1205 778 1247 1572
804 1191 1021 1245 januarius
1050 1190 1171 1241 19-en
1196 1201 1243 1227 ez
1269 1185 1412 1225 alabbi
1436 1181 1622 1223 soraival
1646 1179 1795 1219 kifldte
1821 1189 1916 1228 meg
1940 1176 2033 1215 ura-

324 1262 425 1309 nak‚
447 1260 506 1300 II.
529 1258 666 1309 Fiilop
685 1251 910 1306 kiralynak
930 1265 937 1290 :
971 1247 1178 1289 Estefano
1199 1245 1392 1291 Bathori,
1424 1241 1617 1282 Vaivoda
1647 1240 1697 1279 de
1725 1235 2032 1280 Transilvania,

326 1320 505 1375 procede
532 1319 711 1369 siempre
739 1314 836 1352 bien
864 1307 1188 1349 catohcamente
1215 1319 1267 1346 en
1295 1303 1462 1357 aquella
1490 1299 1721 1354 provincia,
1751 1311 1780 1350 y
1804 1300 1917 1335 estos
1944 1294 2035 1337 dias

327 1384 383 1422 ha
406 1378 560 1419 escrito
584 1388 670 1416 una
694 1377 813 1413 carta
836 1370 877 1409 al
901 1367 1140 1409 Provincial
1163 1367 1214 1407 de
1237 1366 1278 1404 la
1302 1363 1535 1415 Compania
1559 1360 1610 1400 de
1635 1358 1775 1411 Jesu&
1800 1368 1882 1408 que
1905 1353 2037 1394 reside
2054 1356 2087 1384 15

328 1454 381 1480 en
408 1444 522 1479 estas
551 1440 706 1489 partes,
730 1428 969 1485 pidiendole
995 1428 1173 1479 algunos
1204 1424 1359 1464 Padres
1388 1423 1438 1463 de
1466 1422 1507 1460 la
1535 1420 1659 1460 dicha
1687 1415 1929 1468 Compaffia,
1958 1424 2038 1465 que

331 1499 501 1552 ayuden
529 1508 554 1535 3
570 1508 644 1536 sus
669 1495 829 1533 buenos
854 1491 998 1529 deseos
1023 1499 1127 1539 para
1150 1485 1188 1524 el
1212 1484 1346 1535 mejor
1369 1481 1554 1522 remedio
1579 1481 1629 1520 de
1655 1476 1844 1529 aquellas
1868 1477 2010 1527 partes
2030 1485 2039 1518 ;

334 1557 590 1613 paresciome
613 1553 763 1593 enviar
785 1563 809 1588 3
830 1550 1012 1589 Vuestra
1036 1545 1257 1597 Magestad
1278 1544 1320 1583 13
1343 1547 1462 1582 carta
1485 1553 1566 1592 que
1589 1538 1761 1583 escribe,
1786 1548 1863 1588 por
1883 1535 1925 1573 la
1948 1531 2041 1571 cual

334 1632 377 1660 se
401 1630 452 1657 ve
481 1616 590 1656 cuan
614 1612 964 1653 diferentemente
988 1605 1166 1659 procede
1191 1605 1241 1643 de
1262 1603 1305 1644 lo
1330 1615 1411 1655 que
1435 1614 1486 1641 su
1509 1604 1727 1638 antecesor
1751 1593 1946 1648 procedia
1966 1606 1974 1639 ;
2005 1590 2043 1630 el

336 1671 635 1729 Emperador,4
662 1672 759 1711 bien
792 1667 985 1708 confiado
1018 1669 1206 1704 muestra
1237 1667 1351 1702 estat
1383 1661 1434 1700 de
1467 1663 1555 1699 este
1589 1655 1768 1698 Bathori
1788 1665 1891 1707 para
1909 1663 1962 1691 en
1981 1650 2091 1689 las2⁰

336 1737 549 1777 ocasiones
574 1745 655 1787 que
678 1744 721 1771 se
745 1723 1016 1769 ofresceran.⁵

1180 1861 1221 1903 3.

863 1977 1014 2024 Roma,
1050 1984 1162 2028 1572
1193 1971 1429 2027 januarius
1461 1980 1529 2022 23.

648 2097 696 2135 V.
724 2095 822 2134 Pius
848 2094 960 2145 papa
985 2091 1178 2141 Bathory
1203 2088 1351 2127 Istvan
1378 2082 1694 2136 fejedelemnek.

459 2207 508 2246 P.
531 2205 583 2244 M
585 2203 705 2255 aggio
726 2198 896 2239 Lbrincz
917 2193 1114 2236 ausztriai
1141 2193 1504 2248 provinczidlishoz
1537 2191 1696 2230 inteizett
1727 2187 1859 2227 [evalet
1878 2185 2050 2230 dvasva,
2066 2193 2101 2221 25
2178 2174 2181 2183 ¹

353 2266 500 2307 dicse'ri
535 2262 803 2315 buzgalmdbrt
832 2261 872 2299 ἐς
901 2257 1056 2298 ίουάόὸί
1087 2254 1386 2304 munka‘sscigra
1421 2251 1611 2300 buzditjcc.

470 2369 647 2414 Dilecto
667 2366 772 2415 filio,
796 2363 936 2407 nobili
964 2362 1060 2405 viro
1089 2359 1320 2416 Stephano
1350 2356 1557 2411 Bathory
1577 2349 1938 2408 Transylvam'ae
1960 2348 2055 2392 vai-

359 2442 518 2486 vodae.

475 2512 583 2554 Pius
611 2511 698 2552 PP.
728 2509 781 2550 V.
2176 2535 2179 2541 x

478 2582 651 2625 Dilecte
672 2579 747 2628 fili,
769 2576 931 2620 nobilis
952 2575 1032 2618 vir.
1058 2573 1262 2617 Salutem
1282 2575 1327 2613 et
1348 2567 1658 2625 Apostolicam
1678 2561 2053 2607 benedictionem.
2071 2577 2106 2605 30

480 2652 692 2708 Legimus
725 2648 997 2705 particulam
1028 2645 1261 2687 literarum
1294 2647 1490 2688 tuarum,
1525 2651 1664 2694 quam
1696 2634 1827 2678 nobis
1859 2631 2057 2676 ostendit
2178 2618 2185 2632 ⁴

367 2725 560 2768 dilectus
581 2722 698 2764 filius
720 2719 895 2775 Magius
917 2715 1155 2760 Societatis
1181 2715 1291 2769 Jesu
1318 2708 1622 2756 Provincialis,
1651 2707 1698 2748 in
1723 2719 1814 2761 qua
1839 2703 2058 2760 postulas,
2099 2706 2102 2707 ’

368 2794 494 2838 mitti
519 2794 636 2836 istuc
661 2791 834 2847 aliquot
875 2789 970 2831 eius
995 2784 1232 2830 Societatis
1257 2783 1377 2825 viros
1401 2781 1461 2823 ad
1484 2778 1778 2822 christianam
1802 2774 2060 2830 religionem

373 2865 639 2912 docendam,
664 2862 799 2917 inque
820 2859 1058 2902 hominum
1080 2855 1242 2899 animis
1263 2852 1547 2895 inserendam
1568 2849 1767 2891 idoneos.
1780 2849 1795 2876 1
1824 2846 1879 2887 In
1900 2844 2065 2900 quibus

376 2937 517 2980 literis
568 2933 697 2976 facile
742 2930 1053 2988 perspeximus
1094 2925 1352 2982 religionem
1393 2927 1438 2965 et
1480 2921 1702 2977 pietatem
1744 2923 1886 2965 tuam,
1930 2919 2112 2958 antea35

500 3083 515 3104 4
541 3082 645 3116 Azaz
673 3080 728 3114 ΙΙ.
755 3079 888 3113 Miksa
911 3078 1048 3112 nemet
1075 3072 1231 3110 osaszar
1258 3072 1300 3113 65
1327 3080 1495 3115 magyar
1519 3068 1663 3112 kiraly,
1699 3065 1795 3110 1564
1825 3064 1906 3098 ota.

505 3143 520 3164 ⁵
546 3143 582 3177 A
600 3140 771 3176 madridi
792 3138 1029 3174 »Cosseccidn
1061 3137 1110 3171 de
1141 3131 1413 3169 Documentos
1434 3130 1611 3165 Ineditos
1630 3128 1678 3162 de
1698 3127 1878 3171 Espana«
1894 3123 1977 3158 CX.
1998 3123 2068 3156 kf>-

377 3207 463 3240 tete
491 3214 508 3248 3
517 3212 573 3247 52.
600 3199 751 3247 lapjan.
836 3198 850 3219 ¹
880 3196 1084 3232 Kozoltfik
1110 3193 1242 3229 elobbi
1268 3191 1555 3227 szamunkban.
