2188 3535
138 216 229 259 1581
267 212 361 257 maj.
400 214 462 257 12]
906 213 978 247 No.
1013 224 1064 257 49
1761 218 1827 252 131

137 330 387 373 Blandrata
428 330 612 373 eaedem
653 335 744 372 tres
785 331 1018 385 praefatae
1059 330 1359 386 possessiones
1400 341 1620 371 consensu
1660 330 1832 376 nostro,

136 416 314 443 summa
352 401 552 457 quinque
591 401 783 443 millium
821 402 1093 444 florenorum
1131 402 1339 443 fidelibus
1378 399 1543 442 nostris
1582 397 1833 453 Magnificis

135 472 392 514 Alexandro
415 471 582 527 Kendy
601 471 657 513 de
677 472 804 514 Lona
823 477 868 513 et
889 472 1156 528 W'olfgango
1177 473 1345 527 Banffy
1365 469 1580 513 Losonczi
1600 467 1831 517 venditae,

136 556 188 584 ac
226 546 505 597 postremum
544 542 735 597 propriis
767 543 933 584 nostris
971 543 1229 598 sumptibus
1268 542 1555 584 dinumerata
1593 553 1645 581 ac
1684 538 1833 580 soluta

87 625 104 651 5
136 612 295 654 eadem
346 613 546 668 quinque
596 613 788 655 millium
838 613 1109 656 florenorum
1161 611 1524 655 commemoratis
1575 609 1834 652 Alexandro

137 684 304 739 Kendy
320 688 365 725 et
379 683 646 739 Wolfgango
662 685 830 740 Banffy
846 698 1024 726 summa
1038 689 1342 739 recuperatae,
1358 683 1593 737 eidemque
1608 684 1836 723 monaste-

134 753 200 796 rio
224 754 279 795 de
303 755 687 796 Colos-Monostra
709 755 949 797 restitutae
973 761 1092 804 sunt,
1119 755 1251 797 simul
1274 769 1377 796 cum
1401 752 1576 795 cunctis
1599 751 1690 793 suis
1712 750 1836 792 utili-

136 824 311 866 tatibus
341 830 385 866 et
415 825 700 880 pertinentiis
731 826 1021 881 quibuslibet,
1054 825 1184 868 terris
1214 825 1381 867 scilicet
1412 822 1670 871 arabilibus,
1703 821 1836 863 cultis

137 900 182 937 et
200 895 394 945 incultis,
416 896 546 952 agris,
567 896 723 951 pratis,
745 897 936 952 pascuis,
958 896 1142 952 campis,
1163 896 1367 944 foenetis,
1389 893 1541 950 sylvis,
1561 892 1835 941 nemoribus,

87 977 122 1005 10
136 966 382 1016 montibus,
417 967 625 1017 vallibus,
661 967 852 1023 alpibus,
887 967 1044 1017 vineis,
1077 967 1234 1016 hortis,
1269 966 1595 1019 vinearumque
1627 977 1837 1018 promon-

136 1037 275 1086 toriis,
313 1037 455 1093 aquis,
491 1038 654 1087 fluviis,
691 1038 886 1093 piscinis,
923 1038 1176 1094 piscaturis,
1213 1048 1526 1092 aquarumque
1560 1033 1836 1082 decursibus,

135 1107 404 1150 molendinis
435 1113 480 1150 et
512 1109 758 1151 eorundem
788 1109 910 1158 locis,
944 1108 1212 1164 generaliter
1241 1121 1348 1150 vero
1380 1104 1686 1161 quarumlibet
1717 1103 1839 1145 utili-

136 1182 287 1220 tatum
313 1183 358 1220 et
383 1179 763 1234 pertinentiarum
789 1193 974 1221 suarum
999 1178 1353 1234 integritatibus,
1380 1176 1491 1218 item
1517 1174 1714 1223 decimis,
1742 1178 1840 1215 tam

136 1248 360 1299 vinorum,
412 1264 551 1306 quam
588 1250 819 1299 frumenti,
858 1250 1011 1299 tritici,
1062 1249 1232 1298 hordei,
1271 1260 1456 1295 avenae,
1495 1244 1694 1300 siliginis,
1745 1243 1837 1293 lini,

88 1330 123 1358 15
136 1320 351 1362 cannabis
385 1326 430 1362 et
463 1321 654 1363 aliarum
687 1321 868 1376 frugum
901 1325 1040 1376 atque
1075 1319 1354 1375 leguminum
1386 1322 1508 1358 terra
1538 1314 1836 1363 nascentium,

136 1390 323 1446 aliisque
363 1392 498 1433 rebus
538 1392 763 1440 omnibus,
807 1391 969 1446 quovis
1009 1390 1204 1433 nominis
1245 1388 1468 1432 vocabulo
1509 1386 1737 1435 vocitatis,
1781 1385 1841 1427 ad

137 1461 327 1504 eandem
368 1462 651 1517 praedictam
705 1461 941 1503 abbatiam
989 1461 1380 1517 possessionesque
1427 1457 1741 1514 praescriptas,
1786 1456 1841 1497 de

136 1531 230 1573 iure
260 1536 304 1573 et
335 1533 394 1574 ab
423 1532 615 1588 antiquo
644 1532 962 1587 spectantibus
992 1537 1036 1574 et
1066 1531 1290 1587 pertinere
1320 1528 1604 1577 debentibus,
1636 1528 1720 1569 sub
1750 1527 1841 1569 suis

138 1602 255 1644 veris
305 1603 438 1645 metis
490 1608 536 1644 et
589 1603 790 1658 antiquis
842 1602 1063 1644 limitibus
1115 1601 1429 1650 existentibus,
1484 1602 1841 1642 commemorato

87 1683 123 1711 20
138 1673 321 1728 collegio
375 1673 616 1716 Societatis
670 1674 780 1727 Jesu
834 1673 1055 1722 dedimus,
1111 1673 1382 1715 donavimus
1435 1675 1480 1712 et
1534 1669 1809 1712 contulimus
1830 1681 1840 1718 ;

139 1744 526 1800 quemadmodum
546 1745 700 1800 vigore
719 1744 1028 1799 praesentium
1048 1744 1223 1792 damus,
1246 1744 1469 1785 donamus
1489 1746 1533 1782 et
1554 1740 1840 1789 conferimus,

139 1828 242 1857 eum
271 1816 393 1857 omni
421 1816 517 1858 iure
546 1820 592 1858 et
622 1815 823 1858 dominio
853 1829 905 1857 ac
934 1815 1213 1870 proprietate
1246 1817 1466 1870 perpetuo
1489 1810 1844 1853 irrevocabiliter

139 1889 184 1927 et
207 1885 255 1927 in
278 1900 410 1929 omne
443 1901 621 1936 aevum,
647 1886 1065 1942 possessionemque
1089 1900 1245 1928 earum
1267 1885 1314 1926 in
1338 1885 1503 1926 effectu
1526 1882 1692 1925 realem
1715 1896 1842 1937 prae-

141 1956 344 1999 sentibus
383 1958 504 1999 hisce
543 1957 684 1999 literis
725 1958 886 2000 damus
926 1962 1066 2013 atque
1106 1956 1422 1998 concedimus:
1466 1954 1719 1995 tribuentes
1758 1953 1843 1994 illis

91 2036 127 2065 25
140 2027 388 2082 plenariam
421 2033 700 2084 potestatem
732 2027 1083 2070 administrandi
1116 2032 1161 2069 et
1193 2027 1418 2069 utilitates
1451 2038 1607 2067 eorum
1639 2023 1844 2066 omnium

141 2099 415 2154 percipiendi
440 2104 485 2141 et
509 2099 557 2141 in
581 2113 691 2142 usus
715 2099 917 2154 ipsorum
941 2098 1262 2154 beneplacitos,
1291 2095 1540 2139 secundum
1564 2108 1772 2137 normam
1797 2098 1842 2136 et

141 2170 516 2212 consuetudinem
542 2169 745 2212 instituti
776 2170 968 2219 illorum,
1004 2168 1311 2211 convertendi.
1355 2167 1562 2222 Denique
1601 2165 1840 2215 sancimus,

139 2245 192 2282 ut
214 2241 451 2296 collegium
473 2246 517 2283 et
540 2240 712 2283 subditi
734 2241 794 2282 ad
813 2241 963 2295 ipsum
984 2240 1276 2295 pertinentes,
1301 2238 1359 2280 ab
1380 2237 1591 2279 omnibus
1613 2234 1842 2277 contribu-

141 2310 342 2354 tionibus
382 2317 427 2354 et
468 2311 693 2361 oneribus,
736 2316 833 2354 tarn
873 2310 1123 2359 ordinariis,
1166 2323 1305 2365 quam
1345 2305 1713 2349 extraordinariis
1753 2305 1843 2347 sint

93 2390 129 2418 30
142 2381 366 2425 immunes
402 2387 447 2424 et
484 2382 698 2437 exempti,
737 2381 938 2436 exceptis
973 2381 1039 2430 iis,
1078 2394 1193 2436 quae
1230 2378 1410 2435 publico
1446 2376 1559 2419 scito
1595 2390 1673 2418 seu
1707 2375 1844 2418 laudo

142 2452 189 2494 in
213 2453 496 2508 generalibus
522 2452 716 2495 comitiis
740 2452 787 2494 in
812 2451 1041 2495 communi
1065 2450 1336 2506 reipublicae
1362 2461 1499 2490 causa
1524 2447 1842 2489 decernuntur.

142 2523 215 2566 Ad
229 2525 353 2574 haec,
372 2538 462 2580 quo
479 2529 612 2566 tanto
628 2523 771 2578 magis
786 2524 919 2565 rebus
935 2521 1100 2564 divinis
1116 2535 1167 2563 ac
1184 2520 1324 2562 literis
1341 2532 1503 2562 vacare
1520 2518 1676 2574 possit,
1696 2517 1845 2559 decer-

142 2593 305 2645 nimus,
335 2600 388 2637 ut
416 2609 573 2637 omnes
602 2595 696 2637 eius
724 2592 896 2649 collegii
925 2606 1100 2641 causae,
1131 2605 1247 2647 quae
1274 2590 1337 2632 illi
1365 2603 1468 2631 cum
1496 2588 1736 2631 nobilitate
1764 2592 1845 2630 aut

143 2665 380 2720 quibusvis
405 2666 502 2708 aliis
527 2665 703 2708 ratione
728 2665 951 2706 bonorum
975 2662 1250 2704 intercedere
1275 2664 1505 2716 poterunt,
1533 2673 1612 2715 per
1635 2664 1845 2701 nostrum

95 2740 223 2778 35aut
272 2750 580 2779 successorum
643 2740 901 2778 nostrorum
970 2747 1210 2775 causarum
1259 2731 1527 2774 directorem
1574 2730 1621 2772 in
1668 2729 1846 2772 iudiciis

144 2806 459 2850 defendantur.
491 2808 726 2850 Postremo
754 2806 906 2848 omnia
934 2809 978 2846 et
1007 2803 1183 2859 singula
1209 2801 1469 2858 praemissa,
1498 2805 1613 2851 rata,
1642 2801 1773 2843 firma
1800 2805 1845 2842 et

143 2876 409 2921 inconvulsa
432 2883 653 2934 perpetuo
677 2877 834 2920 haberi
858 2881 902 2919 et
928 2873 1157 2917 observari
1181 2873 1356 2922 debere,
1382 2873 1522 2915 verbo
1545 2876 1701 2914 nostro
1724 2871 1846 2926 regio

145 2948 417 3002 pollicemur.
473 2949 616 2991 Simul
668 2947 808 2991 etiam
859 2945 1128 3003 requirimus
1180 2942 1540 2986 Illustrissimum
1609 2941 1846 2984 dominum

145 3017 331 3062 fratrem
355 3019 643 3075 praedictum
668 3023 876 3062 nostrum
901 3015 1228 3064 charissimum,
1256 3018 1547 3069 caeterosque
1571 3025 1847 3055 successores

97 3100 132 3127 40
145 3094 335 3140 nostros,
359 3095 411 3132 ut
433 3091 551 3132 hanc
580 3094 866 3146 praesentem
895 3085 1211 3131 fundationem
1239 3089 1444 3127 nostram
1473 3098 1577 3126 cum
1606 3082 1847 3126 collatione

145 3158 368 3210 universa,
396 3161 589 3203 fideliter
615 3165 660 3203 et
689 3160 926 3216 diligenter
951 3160 1280 3202 manuteneant
1308 3159 1353 3197 et
1380 3155 1639 3203 observent,
1667 3153 1847 3209 totique

1658 3243 1703 3283 9*
