2188 3535
165 253 266 296 1580
294 249 392 284 febr.
430 250 491 293 12]
936 249 1010 284 No.
1047 258 1088 295 31
1805 258 1852 293 93

280 381 319 411 2.
349 369 486 410 Porro
513 382 617 410 cum
643 368 892 410 rhetoricae
918 369 1019 410 finis
1046 369 1104 410 sit
1127 367 1324 411 auditori
1345 366 1481 409 fidem
1503 366 1662 416 facere,
1687 379 1853 407 munus

164 444 319 481 autern
364 439 508 481 dicere
554 439 759 494 apposite
799 439 858 481 ad
895 439 1272 494 persuadendum,
1313 453 1369 481 ex
1408 438 1553 479 tribus
1592 436 1853 479 auditorum

164 510 400 564 generibus
433 509 520 551 tria
552 509 896 550 constituuntur
927 524 1166 552 causarum
1198 522 1389 565 genera:
1426 507 1852 554 demonstrativum,

164 580 511 622 deliberativum
547 584 592 621 et
628 579 850 630 iudiciale,
874 594 1068 636 quorum
1103 580 1306 622 diversae
1342 583 1449 621 sunt
1485 583 1651 635 partes,
1690 577 1855 620 diversi

110 669 133 697 ,5
163 651 286 700 fines,
315 650 493 693 diversa
519 654 738 705 tempora.

780 757 914 812 Leges
945 758 1232 800 scholasticae.

282 863 319 892 1.
341 851 560 906 Discipuli
575 851 796 907 imprimis
812 852 960 894 Deum
982 853 1054 907 pie
1076 853 1241 901 colant,
1259 852 1498 907 ipsumque
1520 864 1626 906 prae
1646 849 1855 891 omnibus

164 921 370 963 timeant.
394 922 480 963 Hic
499 922 619 963 enim
638 922 841 964 omnium
860 923 1116 966 studiorum
1134 923 1235 964 finis
1254 937 1347 964 esse
1368 922 1516 970 debet,
1537 925 1590 962 ut
1610 921 1694 962 Dei
1712 920 1856 961 honor

164 997 423 1047 quaeratur.
465 993 535 1034 Sic
574 1007 665 1035 non
702 994 848 1035 solum
887 993 1058 1035 felicius
1097 993 1337 1036 succedent
1370 992 1537 1042 studia,
1568 991 1647 1033 sed
1684 996 1729 1032 et
1768 990 1856 1032 alia

116 1082 151 1109 ιο
164 1063 354 1105 affluent
385 1064 580 1106 uberius.

280 1146 319 1176 2.
359 1135 432 1176 Ab
463 1135 586 1176 omni
617 1135 834 1177 sermonis
866 1135 1190 1185 obscoenitate,
1222 1133 1508 1181 scurrilitate,
1541 1131 1700 1180 turbis,
1733 1131 1853 1180 rixis,

163 1205 546 1254 contentionibus,
580 1206 852 1248 clamoribus
884 1206 1160 1248 abstineant.

280 1288 319 1329 3.
355 1276 516 1318 Latine
546 1290 723 1332 semper
751 1277 870 1318 inter
899 1291 945 1318 se
975 1281 1020 1317 et
1051 1275 1291 1318 emendate
1321 1273 1652 1329 colloquantur.

280 1358 319 1400 4.
355 1347 549 1402 Singulis
583 1347 830 1389 lectionum
859 1346 981 1388 horis
1010 1346 1221 1388 intersint
1256 1359 1308 1387 ac
1343 1358 1569 1400 nusquam
1603 1343 1697 1385 sine
1732 1356 1856 1398 prae-

116 1435 152 1463 15
165 1417 359 1472 ceptoris
386 1417 605 1459 facultate
631 1417 797 1459 absint.

282 1498 320 1540 5.
355 1488 643 1543 Magistratui
701 1502 753 1529 ac
811 1487 1180 1544 praeceptoribus
1238 1485 1539 1529 reverentiam
1598 1484 1856 1532 exhibeant,

164 1558 368 1600 modeste
397 1572 443 1600 se
471 1563 629 1613 gerant
658 1558 705 1600 in
734 1559 946 1601 omnibus
974 1573 1026 1601 ac
1056 1558 1224 1601 nemini
1253 1557 1465 1599 iniuriam
1494 1560 1575 1598 aut
1604 1555 1859 1598 molestiam

165 1628 376 1671 inferant.

581 1695 773 1738 (Eredeti‚
802 1707 825 1730 a
853 1695 955 1729 senti
982 1696 1156 1729 levelhez
1184 1694 1446 1736 mellekelve.)

112 1824 152 1852 ‚20
980 1813 1049 1855 31.

671 1913 823 1963 Vars6,
858 1915 972 1967 1580
1002 1914 1251 1968 februa‘rz'us
1283 1924 1352 1955 12.

248 2019 294 2058 P.
325 2018 487 2059 Sunieri
517 2019 695 2058 Ferencz
725 2019 1016 2071 provinczialis
1047 2020 1240 2071 Bathory
1270 2018 1435 2058 Kristof
1464 2014 1780 2068 fejedelemnek.

296 2114 592 2165 Teve‘kenysege
614 2115 864 2153 visszate'rese
888 2116 962 2154 όέα.
991 2115 1244 2165 Tcirgyaldsa
1267 2114 1444 2162 Bdthory
1468 2112 1493 2150 I
1495 2112 1608 2151 stva'n
1633 2108 1861 2160 kircilylyal.

164 2170 214 2209 P.
242 2173 390 2212 Szcinto
414 2174 440 2212 I
442 2175 555 2213 stva'n
581 2175 620 2213 es
645 2172 856 2213 tdrsaz'nak
881 2174 1155 2226 mege'rkezese.
1182 2173 1382 2212 Leveleket
1406 2172 1503 2211 kald
1528 2171 1570 2209 be
1594 2169 1730 2209 dltala.

114 2283 153 2311 25
283 2267 589 2310 Illustrissime
634 2267 842 2324 princeps
885 2268 1065 2311 domine
1095 2282 1147 2310 ac
1178 2270 1370 2323 patrone
1399 2264 1446 2307 in
1476 2264 1652 2307 Christo
1684 2262 1860 2304 dilecte.

283 2339 403 2380 Ante
437 2338 647 2394 quintam
681 2339 914 2380 Februarii
948 2353 1039 2380 non
1073 2338 1177 2380 veni
1210 2336 1492 2384 Varsaviam,
1530 2333 1654 2390 quod
1687 2332 1860 2387 aliquot

166 2409 260 2450 dies
290 2413 470 2464 praeter
497 2423 646 2451 meam
681 2409 940 2464 opinionem
970 2408 1212 2451 Cracoviae
1253 2405 1487 2454 haeserim,
1531 2419 1606 2446 eos
1641 2403 1860 2459 operiens,

166 2479 244 2535 qui
287 2494 342 2521 ex
387 2480 508 2522 Urbe
552 2479 796 2535 praeterito
841 2479 1079 2521 Decembri
1122 2478 1373 2519 discessisse
1417 2476 1643 2524 dicebant,
1696 2472 1862 2515 nostris

167 2557 212 2591 et
260 2550 616 2606 Transylvaniae
663 2551 814 2599 libros,
880 2564 993 2605 quos
1040 2549 1170 2604 potui
1217 2547 1499 2603 conquirens,
1549 2550 1728 2601 praeter
1774 2544 1862 2585 alia

114 2636 154 2663 30
168 2620 393 2676 quaedam
433 2621 696 2670 necessaria,
739 2635 855 2676 quae
895 2619 1048 2662 omnia
1089 2633 1168 2674 per
1208 2620 1255 2660 P.
1299 2618 1582 2673 Stephanum
1622 2617 1860 2658 Aratorem

168 2692 434 2733 transmissa
471 2692 607 2733 fuisse
644 2706 699 2733 ex
737 2691 916 2740 nostris,
957 2690 1034 2746 qui
1072 2689 1314 2732 Cracoviae
1351 2692 1507 2743 agunt.
1540 2685 1752 2742 Cognovi,
1793 2690 1860 2727 est

169 2761 411 2804 adiunctus
450 2763 681 2818 Stephano
720 2762 927 2804 sacerdos
960 2760 1147 2817 quidam
1186 2760 1479 2808 Germanus‚1
1516 2758 1571 2800 de
1608 2757 1735 2799 cuius
1773 2756 1860 2797 vir-

169 2833 346 2874 tutibus
389 2848 480 2875 non
525 2848 671 2889 pauca
723 2833 783 2874 ad
825 2847 897 2874 me
941 2846 996 2873 ex
1041 2832 1163 2874 Urbe
1207 2831 1391 2872 fuerunt
1435 2828 1714 2885 perscripta;
1770 2827 1861 2868 iarn

170 2901 324 2958 itaque
353 2904 611 2959 quindecim
641 2919 696 2946 ex
725 2903 891 2946 nostris
920 2902 966 2943 in
996 2902 1361 2944 Colosmonostra
1402 2904 1713 2947 numerantur,
1751 2897 1861 2939 data

118 2985 158 3013 ,35
173 2972 316 3026 prima
357 2975 589 3017 occasione
632 2976 1008 3030 sub[sequuntur]
1041 2977 1085 3014 et
1117 2972 1204 3014 alii.
1251 2971 1431 3014 Contuli
1474 2985 1577 3013 cum
1614 2969 1755 3023 Regia
1785 2965 1863 3009 Mte

173 3044 337 3095 omnia,
388 3045 442 3087 de
492 3045 657 3101 quibus
700 3060 803 3088 cum
848 3046 950 3087 mma
993 3046 1077 3086 Do.
1120 3043 1193 3085 Vra
1226 3056 1403 3098 egeram
1421 3056 1430 3093 ;
1482 3043 1664 3084 fuerunt
1708 3037 1861 3081 omnia

173 3111 235 3152 illi
269 3115 536 3168 gratissima,
574 3131 655 3158 nec
691 3116 738 3157 id
773 3116 960 3158 obscure
997 3114 1174 3156 duobus
1209 3127 1387 3155 mecum
1423 3111 1655 3167 colloquiis
1689 3108 1859 3151 habitis

302 3213 315 3234 1
344 3215 386 3248 P.
415 3216 584 3250 Schreck
615 3216 766 3250 Farkas
797 3215 977 3260 jezsuita.

1877 2345 1958 2371 Febr.
1980 2352 2005 2377 5.
