2188 3535
308 203 380 248 156
1063 198 1136 231 No.
1174 201 1220 244 58
1672 200 1783 246 [158¹
1821 211 1909 245 aug.
1945 211 1992 236 22

304 325 426 361 terea
453 319 570 360 inter
591 333 671 361 nos
693 331 871 373 quoque
893 316 1118 371 quaedam
1141 316 1392 366 diversitas,
1417 331 1533 373 quae
1555 332 1646 360 non
1667 318 1889 366 aedificat,
1913 317 1992 359 sed

303 389 491 432 offendit
518 389 669 444 potius
691 387 857 429 multos
877 400 884 428 :
906 400 1009 428 cum
1027 386 1185 428 vident
1203 401 1276 429 me
1292 401 1383 429 non
1401 389 1546 430 solum
1564 387 1800 430 dominicis
1817 387 1988 437 diebus,

303 460 381 502 scd
405 459 529 501 festis
552 459 689 500 etiam
713 463 973 499 sanctorum
997 457 1275 500 concionari:
1309 458 1458 514 ipsum
1481 473 1588 501 vero
1611 473 1702 501 non
1725 457 1810 500 nisi
1833 458 1992 500 diebus

304 529 549 572 dominicis.
580 529 728 570 Labor
754 527 884 569 istius
911 527 1054 582 patris
1081 541 1184 570 cum
1212 528 1466 571 Saxonibus
1492 530 1576 572 hoc
1604 529 1784 571 biennio
1811 528 1993 571 videtur

303 600 433 656 plane
462 599 596 640 fuisse
623 598 822 640 inutilis:
854 597 986 653 pauci
1014 598 1133 641 enim
1161 613 1264 641 eum
1292 600 1498 649 audiunt,
1529 614 1648 642 nunc
1675 612 1744 654 40,
1774 613 1894 642 nunc
1922 610 1990 653 50,
2024 617 2046 645 5

302 676 346 712 et
372 683 425 711 ex
450 669 518 710 his
542 683 632 710 non
657 668 741 710 nisi
765 682 882 711 unus
905 670 1126 712 hactenus
1166 675 1233 712 est
1259 671 1499 713 confessus.
1529 671 1656 713 Idem
1681 675 1811 726 pater
1835 670 1993 712 diebus

302 739 485 782 Veneris
506 739 701 794 explicat
724 739 1050 782 catechismum
1077 745 1184 783 ante
1210 741 1451 796 prandium
1479 747 1523 784 et
1552 741 1710 783 diebus
1737 741 1862 783 iestis
1888 745 1991 796 post

302 810 541 865 prandium
575 810 823 866 Evangelia
858 811 1144 853 dominicalia
1175 825 1198 853 e
1228 826 1386 867 graeco
1425 812 1471 854 in
1510 812 1704 854 latinum
1743 825 1993 854 sermonem

302 880 591 923 transfundit.

431 952 610 994 Tertius
661 957 791 1008 pater
829 957 896 994 est
936 952 1140 995 minister
1185 953 1368 1009 collegii,
1412 955 1459 996 P.
1502 954 1730 996 Mathias²
1768 954 2047 1009 Ungarus,10

302 1022 347 1063 in
372 1037 462 1078 quo
487 1023 704 1065 maiorem
729 1037 884 1066 curam
908 1037 1058 1066 rerum
1084 1024 1434 1067 domesticarum
1461 1025 1827 1074 desideraremus,
1855 1024 1935 1066 sed
1958 1023 1994 1066 is

301 1107 405 1135 cum
430 1099 602 1136 rectore
627 1108 673 1136 se
695 1094 806 1136 solet
834 1109 1059 1144 excusare,
1084 1095 1208 1150 quod
1233 1095 1326 1137 sine
1353 1095 1447 1137 eius
1472 1109 1691 1137 consensu
1716 1095 1827 1137 nihil
1852 1095 1994 1151 possit

302 1164 576 1206 constituere
614 1170 693 1207 aut
733 1165 967 1221 disponere
1005 1166 1060 1208 de
1098 1166 1231 1208 rebus
1268 1166 1397 1208 ullis:
1439 1166 1485 1208 in
1522 1166 1710 1209 caeteris
1747 1165 1862 1209 vivit
1901 1165 1995 1208 sine

300 1235 481 1290 querela
501 1249 509 1285 ;
550 1235 634 1277 nisi
657 1236 780 1292 quod
801 1250 904 1278 cum
926 1242 1098 1279 rectore
1120 1251 1211 1279 non
1233 1237 1343 1279 satis
1365 1237 1404 1279 ei
1427 1237 1652 1280 convenit.
1692 1237 1792 1287 Hic,
1817 1241 1996 1292 praeter

302 1306 572 1349 domesticas
617 1307 949 1362 occupationes,
997 1313 1131 1350 vacat
1177 1308 1315 1350 etiam
1361 1308 1715 1351 confessionibus
1759 1307 1995 1350 audiendis
2009 1325 2047 1353 15

302 1381 346 1418 et
371 1377 566 1419 excurrit
591 1392 917 1434 nonnunquam
941 1379 1000 1420 ad
1023 1378 1219 1434 aliquem
1244 1393 1298 1421 ex
1322 1379 1449 1434 pagis
1471 1379 1637 1422 nostris
1660 1379 1991 1422 concionatum.

441 1449 640 1504 Quartus
671 1453 738 1491 est
772 1450 818 1491 P.
854 1450 1031 1499 Arator,
1065 1449 1111 1491 in
1143 1464 1233 1505 quo
1265 1450 1355 1492 duo
1387 1450 1557 1505 culpari
1589 1450 1816 1492 intellexi:
1852 1463 1994 1491 unum

302 1518 425 1574 quod
452 1519 584 1561 nimis
610 1520 769 1574 longus
796 1525 911 1562 esset
939 1521 985 1562 in
1013 1520 1252 1562 concione:
1297 1521 1490 1563 alterum
1530 1521 1653 1577 quod
1693 1522 1851 1563 acerbe
1890 1521 1994 1562 hae-

301 1589 463 1631 reticos
509 1590 816 1632 insectaretur.
867 1591 954 1633 Sed
999 1591 1044 1632 in
1090 1596 1283 1647 utroque
1330 1591 1419 1633 iam
1467 1606 1512 1633 se
1558 1591 1855 1634 emendavit.³
1908 1590 1994 1633 Hic

302 1664 549 1716 antequam
589 1661 634 1702 in
675 1661 909 1704 civitatem
950 1662 1256 1717 migraremus,
1299 1677 1378 1717 per
1417 1676 1587 1704 annum
1628 1667 1672 1704 et
1714 1662 1908 1717 amplius
1939 1676 2045 1707 exzo

302 1730 665 1774 Colosmonostra
713 1732 758 1775 in
809 1733 1043 1775 civitatem
1080 1747 1159 1789 per
1195 1733 1285 1775 duo
1322 1733 1474 1775 italica
1510 1732 1717 1775 milliaria
1752 1747 1855 1775 cum
1903 1746 1994 1774 uno

301 1802 503 1844 studioso
563 1803 746 1858 singulis
806 1803 931 1846 festis
989 1818 1167 1846 summo
1226 1818 1358 1846 mane
1429 1804 1541 1860 pede
1611 1803 1856 1853 descendit,
1916 1802 1995 1844 ubi

302 1877 546 1928 postquam
575 1873 730 1915 fuisset
759 1888 838 1929 per
864 1875 1022 1917 horam
1051 1880 1094 1917 et
1124 1875 1372 1924 dimidiam,
1403 1880 1447 1917 et
1476 1874 1749 1930 quandoque
1777 1888 1856 1930 per
1882 1874 1995 1916 duas

302 1943 608 1994 concionatus,
645 1944 828 1987 missam
861 1945 1066 1988 cantavit
1109 1960 1212 1987 cum
1255 1945 1469 1988 studiosis
1510 1945 1676 1988 nostris
1718 1945 1991 1988 maioribus:

302 2018 404 2068 post
425 2014 608 2056 missam
627 2016 877 2070 baptisavit
898 2030 1017 2058 nunc
1032 2017 1072 2066 6,
1090 2030 1209 2058 nunc
1230 2017 1255 2059 8
1277 2030 1439 2072 pueros
1459 2031 1467 2067 ;
1489 2016 1676 2058 tandem
1696 2015 2046 2060 confessionem

302 2084 477 2126 audivit
499 2099 507 2135 ;
533 2091 762 2140 postremo
777 2086 894 2129 circa
908 2087 1140 2129 meridiem
1155 2087 1344 2130 domum
1358 2087 1601 2143 profectus,
1627 2092 1730 2143 post
1754 2086 1995 2143 prandium

301 2168 453 2197 rursus
477 2156 598 2198 domi
621 2157 882 2200 concionem
903 2158 1078 2207 habuit,
1102 2158 1162 2200 ad
1183 2172 1321 2214 quam
1344 2163 1441 2202 tam
1463 2173 1518 2201 ex
1539 2172 1655 2214 pago
1671 2163 1838 2208 nostro,
1857 2171 1995 2214 quam

301 2240 355 2267 ex
371 2226 558 2269 civitate
572 2228 754 2283 plurimi
769 2229 1096 2271 confluxerunt.
1116 2229 1247 2271 Nunc
1263 2234 1507 2286 postquam
1522 2229 1568 2272 in
1583 2229 1818 2272 civitatem
1833 2228 1995 2284 migra-

301 2296 462 2347 vimus,
487 2312 514 2340 a
535 2299 763 2341 cantando
792 2304 977 2342 tanturn
1007 2314 1133 2342 sacro
1161 2300 1380 2343 liberatus
1409 2305 1476 2343 est
1506 2305 1551 2342 et
1581 2301 1640 2343 ab
1668 2300 1840 2350 itinere,
1872 2298 1996 2355 quod

301 2381 391 2409 non
428 2383 541 2424 opus
579 2369 636 2411 sit
675 2370 765 2413 iam
803 2371 958 2426 procul
996 2371 1216 2427 proficisci
1254 2371 1313 2413 ad
1351 2371 1724 2421 concionandum,
1746 2375 1798 2413 ut
1830 2375 1966 2413 antea
1985 2384 2046 2418 :30

302 2439 594 2482 concionatur
632 2445 787 2483 tamen
809 2441 993 2498 singulis
1014 2446 1275 2484 sanctorum
1298 2442 1424 2485 festis
1449 2442 1585 2484 semel
1611 2446 1717 2484 ante
1738 2441 1992 2498 prandium,

302 2509 536 2552 dominicis
577 2516 733 2554 autem
773 2512 855 2563 bis,
899 2518 1006 2555 ante
1048 2518 1092 2555 et
1135 2518 1237 2568 post
1279 2514 1548 2569 prandium:
1607 2517 1713 2555 ante
1754 2511 1995 2568 prandium

302 2593 435 2634 super
471 2582 783 2638 Evangelium,
817 2588 920 2639 post
952 2584 1194 2639 prandium
1226 2598 1360 2640 super
1396 2584 1649 2627 doctn'nam
1686 2583 1991 2625 christianam.

304 2649 358 2691 In
389 2665 480 2706 qua
519 2652 590 2694 hic
631 2654 741 2696 ordo
783 2659 1017 2697 servatur:
1062 2655 1258 2710 primum
1300 2655 1440 2697 finitis
1480 2654 1748 2710 vespertinis
1788 2653 1995 2709 precibus

303 2721 429 2775 pueri
464 2725 690 2766 cantando
725 2726 855 2768 Pater
890 2731 1042 2774 noster,
1081 2726 1228 2774 Credo,
1266 2727 1359 2768 Ave
1393 2727 1547 2768 Maria
1583 2730 1627 2767 et
1666 2738 1719 2767 10
1753 2729 2044 2780 praecepta35

303 2791 509 2842 recitant,
550 2794 710 2837 deinde
747 2796 821 2838 alii
859 2796 1082 2839 doctiores
1119 2796 1426 2839 adolescentes
1463 2809 1488 2849 3
1527 2800 1606 2838 aut
1644 2809 1670 2850 4
1708 2795 1994 2851 quaestiones

303 2875 358 2903 ex
383 2862 587 2905 doctrina
610 2865 693 2907 sibi
718 2872 878 2909 mutuo
902 2872 1162 2923 proponunt
1187 2872 1232 2909 et
1258 2867 1438 2909 solvunt
1461 2880 1468 2908 :
1501 2880 1614 2922 quas
1638 2870 1865 2922 postremo
1890 2880 1993 2908 con-

303 2932 518 2983 cionator,
560 2948 798 2979 conscenso
837 2943 1046 2994 suggesto
1086 2937 1227 2980 fusius
1272 2937 1483 2979 declarat.
1525 2937 1597 2980 Ad
1635 2936 1992 2993 pomeridianam

303 3003 563 3046 concionem
585 3006 728 3048 solent
751 3008 926 3050 circiter
946 3022 1031 3063 300
1053 3008 1137 3051 viri
1159 3013 1204 3050 et
1227 3008 1449 3050 foeminae
1471 3007 1709 3051 convenire
1729 3021 1739 3058 ;
1763 3007 1823 3050 ad
1844 3011 1992 3049 matu-

431 3103 446 3124 ²
475 3103 516 3137 P.
547 3104 770 3152 Thomanyi
798 3108 970 3154 Matyas.
2005 3117 2044 3144 40

430 3160 445 3181 ³
473 3160 529 3194 ΕΖ
555 3160 734 3205 jellemzo
759 3165 800 3199 es
826 3166 1001 3205 erdekes.
1028 3170 1132 3201 mert
1156 3167 1240 3201 hisz
1265 3167 1318 3201 itt
1344 3166 1657 3212 maga-magarol
1684 3165 1729 3200 ir.
