2188 3535
127 195 223 239 1576
247 193 371 237 szept.
401 193 460 237 13]
892 192 966 226 No.
1000 203 1044 237 14
1774 206 1825 239 49

125 324 216 359 oro,
239 310 456 358 obtestor,
483 323 538 351 ne
562 309 760 364 graveris
785 310 987 353 animum
1013 315 1145 353 tuum
1170 325 1249 367 per
1271 311 1424 354 literas
1448 317 1604 355 nostro
1629 327 1816 370 praepo-

125 381 212 423 sito
233 379 441 423 Generali
458 379 642 436 aperire,
675 380 787 436 quid
816 395 997 424 censeas
1028 382 1157 424 nobis
1188 382 1458 432 faciendum,
1491 397 1582 439 quo
1612 385 1819 428 consulas

125 451 337 493 eundum.
365 451 487 493 Num
515 455 635 493 recte
665 465 744 506 per
772 453 1055 508 Hungariam
1084 452 1130 494 in
1158 453 1549 509 Transylvaniam,
1574 455 1646 497 vel
1667 456 1820 511 potius

126 522 185 564 ad
216 522 362 564 Tuam
407 520 516 563 Mtem
558 521 605 563 in
638 522 886 572 Poloniam‚
937 537 995 566 an
1028 537 1134 565 vero
1168 524 1381 579 expediat
1416 524 1587 567 diutius
1619 526 1820 569 Viennae

76 602 94 629 5
126 596 399 648 exspectare.
434 592 660 635 Proficisci
691 607 772 649 per
801 594 912 636 fines
944 594 1205 649 Hungariae
1237 609 1327 637 non
1359 595 1542 638 videtur
1572 596 1820 640 admodum

125 677 359 713 securum;
391 667 654 719 exspectare
685 663 869 713 diutius,
895 679 975 706 nec
998 664 1172 720 patriae
1204 661 1288 707 Mtis
1328 666 1451 709 Tuae
1482 671 1550 709 est
1581 667 1704 717 utile,
1738 682 1818 710 nec

125 733 345 789 patribus,
385 748 499 790 quos
537 748 702 790 magno
740 735 892 777 labore
930 735 1211 791 congregavi,
1246 736 1506 779 iucundum.
1543 738 1652 793 Spes
1684 739 1815 787 enim,

126 818 242 860 quae
283 804 501 856 differtur,
534 805 695 861 affligit
725 806 937 848 animam.
970 807 1030 849 Et
1060 821 1163 849 cum
1191 807 1275 849 hoc
1304 807 1538 863 negotium
1567 808 1702 851 fuerit
1731 809 1822 852 iam

125 879 196 917 tot
214 874 343 917 annis
361 874 566 927 dilatum,
593 875 680 919 dici
703 890 794 919 non
815 881 981 933 potest,
1006 881 1179 933 quanto
1202 882 1354 933 patres
1376 883 1567 928 nostros,
1592 879 1670 935 qui
1692 885 1821 923 erant

77 957 112 985 10
128 945 249 995 ituri,
274 945 432 988 dilatio
454 947 565 989 haec
588 946 787 989 affecerit
811 947 975 997 taedio,
1000 962 1201 991 maerore
1223 953 1268 990 et
1291 948 1442 991 dolore
1461 963 1470 999 ;
1494 954 1539 991 et
1554 964 1674 992 nunc
1690 954 1822 993 tanto

126 1021 339 1059 tenentur
354 1017 573 1060 desiderio
589 1018 799 1060 veniendi
821 1018 880 1061 ad
894 1019 1040 1062 Tuam
1061 1017 1180 1068 M‘em,
1199 1019 1271 1061 vel
1288 1019 1612 1074 proficiscendi,
1630 1034 1720 1076 quo
1737 1021 1822 1063 illis

128 1087 305 1130 iusserit
324 1088 424 1130 Tua
446 1088 672 1139 Maiestas,
695 1093 747 1130 ut
764 1103 856 1131 una
878 1090 989 1132 hora
1012 1089 1223 1132 videatur
1244 1089 1329 1130 illis
1352 1103 1444 1132 una
1466 1089 1573 1139 dies,
1600 1090 1693 1133 dies
1716 1106 1822 1134 vero

124 1172 217 1201 una
254 1172 372 1200 unus
411 1159 590 1208 mensis,
633 1173 750 1201 unus
789 1164 944 1202 autem
982 1160 1148 1202 mensis
1188 1174 1305 1202 unus
1338 1174 1497 1203 annus.
1525 1160 1822 1204 Tutissimum

124 1228 236 1271 mihi
257 1228 453 1279 videtur,
478 1229 698 1285 proficisci
720 1230 917 1286 primum
948 1230 1007 1273 ad
1036 1230 1144 1273 M²⁰nn
1183 1231 1329 1273 Tuam
1360 1230 1407 1272 in
1437 1230 1685 1280 Poloniam‚
1718 1232 1821 1274 hinc

77 1312 112 1341 15
126 1299 287 1342 deinde
309 1314 413 1342 cum
448 1300 588 1343 literis
608 1296 693 1343 Mtis
722 1301 846 1343 Tuae
866 1301 912 1343 in
932 1301 1322 1357 Transylvaniam.
1345 1302 1514 1344 Verum
1534 1301 1646 1358 quid
1665 1303 1823 1345 melius

127 1370 199 1419 sit,
222 1370 390 1427 quidve
412 1371 556 1427 magis
577 1371 803 1427 expediat,
821 1371 988 1414 iudicet
1005 1373 1104 1415 Tua
1117 1372 1331 1415 Maiestas
1352 1387 1359 1415 ;
1382 1387 1464 1414 nos
1478 1372 1537 1421 id,
1556 1373 1680 1428 quod
1695 1374 1824 1416 nobis

126 1440 384 1484 faciendum
414 1442 651 1491 censuerit,
682 1441 976 1485 libentissime
1005 1448 1050 1485 et
1078 1442 1305 1485 celerrime
1329 1457 1618 1499 exequemur.
1649 1444 1823 1487 Tantus

126 1511 245 1554 enim
277 1517 344 1554 est
376 1526 506 1554 amor
536 1512 782 1568 praepositi
813 1513 956 1555 nostri
988 1513 1218 1556 Generalis
1249 1527 1354 1569 erga
1384 1514 1530 1557 Tuam
1570 1513 1690 1565 Mtem,
1724 1520 1822 1558 tan-

127 1587 265 1639 taque
299 1583 604 1633 observantia,
641 1588 693 1625 ut
727 1598 819 1626 non
854 1584 989 1626 modo
1024 1585 1109 1627 hac
1142 1584 1189 1627 in
1223 1599 1269 1626 re
1303 1584 1527 1641 imperata
1570 1585 1694 1628 Tuae
1741 1582 1825 1629 Mtis

79 1653 367 1709 20diligenter
398 1654 654 1697 executioni
688 1659 813 1697 curet
848 1655 1125 1697 demandari.
1162 1655 1330 1698 Verum
1363 1655 1502 1698 etiam
1536 1656 1582 1698 in
1615 1657 1824 1699 omnibus

129 1724 226 1766 aliis
261 1724 466 1780 negotiis,
499 1725 558 1768 ad
587 1725 775 1781 gloriam
813 1725 898 1768 Dei
935 1731 980 1768 et
1019 1727 1212 1768 salutem
1250 1726 1560 1782 proximorum
1598 1727 1823 1783 pertinen-

129 1795 265 1845 tibus,
291 1810 471 1838 omnem
495 1810 625 1838 suam
655 1801 700 1838 et
731 1796 874 1839 totius
904 1802 1085 1840 nostrae
1115 1797 1345 1840 societatis
1375 1812 1572 1854 operam,
1606 1798 1822 1847 studium,

127 1866 326 1909 laborem
362 1871 407 1909 et
438 1866 718 1923 diligentiam
740 1867 860 1910 ultro
882 1868 1005 1910 Tuae
1027 1863 1097 1910 Mti
1120 1868 1307 1917 deferat,
1332 1883 1574 1924 precesque
1596 1869 1655 1911 ad
1677 1870 1824 1912 Deum

133 1936 261 1979 fundi
295 1942 340 1979 et
376 1937 594 1980 sacrificia
628 1937 673 1980 in
708 1938 902 1994 collegiis
937 1939 1102 1981 nostris
1136 1954 1218 1995 pro
1253 1940 1398 1982 salute
1433 1944 1478 1982 et
1513 1939 1825 1983 incolumitate

81 2007 252 2050 25Tuae
284 2003 370 2050 Mtis
411 2013 457 2051 et
505 2008 622 2051 felici
669 2009 996 2064 gubernatione
1028 2010 1152 2066 regni
1184 2010 1444 2066 frequenter
1474 2010 1623 2053 offerri
1655 2010 1822 2053 iubeat.

131 2079 201 2121 Ex
222 2093 313 2134 quo
333 2079 465 2122 facile
484 2080 583 2122 Tua
603 2080 817 2122 Maiestas
849 2080 1073 2137 intelligit,
1109 2086 1335 2136 quantum
1355 2080 1413 2123 sit
1434 2081 1605 2123 bonum
1625 2081 1671 2123 in
1691 2082 1826 2123 eccle-

132 2148 197 2192 sia
221 2150 445 2193 catholica
470 2165 564 2193 esse
581 2155 626 2193 et
648 2150 917 2207 participem
943 2152 1166 2194 bonorum
1188 2166 1390 2207 operum,
1414 2166 1530 2207 quae
1555 2151 1601 2193 in
1627 2165 1681 2194 ea
1704 2166 1826 2194 exer-

132 2224 302 2271 centur,
326 2221 435 2264 fieri.
466 2222 653 2277 Quanta
674 2221 784 2264 item
815 2222 873 2264 sit
903 2221 972 2264 vis
1000 2221 1236 2265 charitatis
1265 2221 1549 2270 christianae,
1581 2236 1661 2277 per
1688 2236 1826 2278 quam

131 2290 267 2334 etiam
304 2291 415 2341 illos,
456 2306 570 2348 quos
609 2306 701 2334 non
737 2292 949 2341 vidimus,
989 2307 1070 2335 nec
1107 2292 1317 2334 novimus
1355 2297 1399 2334 et
1438 2306 1465 2334 a
1501 2291 1666 2347 quibus
1703 2293 1825 2334 nullo

82 2375 284 2404 sosumus
318 2362 471 2405 affecti
505 2362 723 2405 beneficio
758 2363 816 2405 ob
851 2377 1138 2406 communem
1171 2362 1315 2405 solam
1349 2362 1453 2404 fidei
1486 2362 1821 2418 professionem,

129 2445 219 2475 non
251 2433 397 2476 solum
431 2447 653 2482 amamus,
690 2433 769 2475 sed
801 2433 940 2476 etiam
974 2433 1199 2489 diligimus
1232 2438 1277 2475 et
1310 2437 1536 2488 quantum
1570 2447 1821 2489 possumus,

131 2502 425 2547 defendimus.

246 2574 334 2617 Sed
356 2575 490 2617 redeo
515 2574 574 2617 ad
596 2573 832 2630 collegium
847 2574 1266 2630 Transylvanicum.
1294 2575 1362 2617 Ne
1387 2574 1615 2630 fatigetur,
1641 2589 1822 2631 quaeso,

130 2643 228 2687 Tua
262 2645 479 2701 Maiestas
500 2646 586 2688 hoc
624 2650 720 2687 tam
745 2644 871 2701 pium
895 2659 1022 2701 opus,
1048 2645 1173 2701 quod
1196 2644 1383 2687 feliciter
1405 2645 1574 2701 incepit
1598 2650 1643 2688 et
1668 2646 1825 2688 multis

85 2714 259 2758 35annis
296 2716 540 2771 promovit,
582 2715 673 2758 iam
712 2716 898 2758 tandem
928 2716 987 2758 ad
1038 2715 1303 2758 umbilicum
1342 2716 1597 2771 perducere.
1639 2717 1823 2759 Moveat

133 2788 177 2827 te
199 2786 342 2829 honor
364 2792 410 2829 et
434 2801 562 2830 amor
584 2786 682 2836 Dei,
708 2786 779 2828 cui
802 2786 913 2828 nihil
936 2786 1108 2842 gratius
1130 2786 1275 2829 facere
1298 2786 1479 2842 poteris,
1506 2801 1644 2843 quam
1668 2788 1822 2829 catho-

132 2854 263 2899 licam
293 2857 430 2900 fidem
461 2857 754 2914 propagando
786 2861 832 2899 et
862 2857 1066 2899 haereses
1097 2857 1403 2913 exstirpando.
1455 2857 1671 2900 Omnium
1702 2857 1821 2900 enim

133 2925 387 2970 divinorum
409 2929 475 2983 (ut
493 2928 638 2971 Divus
654 2927 900 2984 Dionysius
910 2929 945 2955 21
969 2927 1141 2982 asserit)
1163 2927 1494 2970 divinissimum
1510 2933 1578 2971 est
1595 2927 1823 2984 cooperari

133 2996 228 3039 Deo
263 2997 311 3040 in
346 2999 492 3042 salute
529 2998 796 3042 animarum.
836 2999 1019 3041 Moveat
1063 3012 1190 3041 amor
1225 2998 1431 3054 proximi,
1471 3013 1664 3054 quorum
1702 2999 1822 3040 salus

85 3081 121 3107 40
133 3066 327 3111 vivendo
362 3069 481 3111 inter
514 3069 777 3119 haereticos,
811 3069 870 3111 ob
909 3068 1137 3111 defectum
1173 3069 1498 3112 catholicorum
1534 3068 1820 3111 sacerdotum

258 3167 289 3188 ²¹
316 3169 543 3203 Harmadik
571 3169 731 3203 szazadi
759 3167 927 3214 egyhazi
956 3167 1028 3208 iro,
1059 3168 1107 3202 de
1139 3179 1230 3202 nem
1259 3171 1384 3202 szent.

201 3248 305 3274 Fontes
328 3250 435 3276 Rerum
455 3250 743 3282 Transylvaniearum
768 3251 791 3276 Ι.
1661 3247 1685 3280 4
