2188 3535
167 226 266 270 1580
296 222 439 257 marez.
475 223 514 267 2]
934 224 1009 259 No.
1046 234 1092 270 34
1807 235 1853 271 97

979 337 1049 380 34.

601 436 941 492 Gyulaseje'rva'r,
985 440 1101 492 1580
1132 439 1346 481 mdrczius
1376 449 1416 480 2.

271 542 317 581 P.
342 541 498 581 Leleszi
521 542 651 593 Janos
676 542 722 581 P.
747 542 980 581 Mercurian
1004 543 1223 582 Eberhard
1245 543 1744 595 jezsuita-generalisnak.

294 637 346 675 M
349 636 553 676 zzkddesiik
576 635 840 687 eredmfinyes,
864 637 910 676 de
933 638 1089 689 csupa'n
1119 637 1245 676 ketten
1268 638 1487 689 magyarok
1508 651 1526 676 s
1548 638 1616 688 igy
1636 636 1814 688 legaldbb
1836 651 1858 675 a

117 709 135 737 5
167 695 342 736 Be‘csbm
364 696 588 736 tart6zkod6
619 693 760 735 Tdrost
788 697 969 736 kiva‘nna'
998 696 1264 748 segito‘tcirszil.

283 777 379 833 Jhs.
411 776 676 819 Reverende
702 776 951 819 admodum
977 776 1024 818 in
1054 777 1231 819 Christo
1253 777 1363 832 Jesu
1391 778 1527 819 Pater
1553 782 1637 818 etc.

283 849 379 890 Pax
412 847 578 890 Christi
609 852 693 890 etc.

283 919 451 961 Sancta
477 918 760 974 superiorum
781 918 1056 961 auctoritate
1078 919 1390 974 compellente,
1418 932 1538 959 nunc
1566 919 1620 960 R.
1647 918 1694 960 P.
1712 918 1858 959 Tuam

167 989 383 1045 alloquor.
416 991 506 1031 Res
534 994 715 1031 nostrae
743 989 1125 1045 Transylvanicae
1166 989 1212 1030 in
1242 1002 1332 1045 quo
1365 993 1491 1030 statu
1522 987 1627 1036 sint,
1658 992 1771 1043 puto
1799 988 1859 1029 ab

121 1075 155 1102 10
167 1059 265 1101 aliis
292 1059 528 1115 diligenter
554 1059 804 1115 perscripta
830 1074 937 1102 esse.
968 1060 1097 1102 Certe
1123 1059 1279 1101 messis
1305 1072 1397 1100 non
1424 1058 1612 1106 deesset,
1645 1058 1681 1099 si
1703 1072 1858 1113 opera·

166 1131 335 1173 riorum
361 1130 491 1186 copia
512 1135 786 1186 suppeteret.
812 1130 1018 1186 Hungari
1039 1135 1194 1172 autem
1216 1127 1538 1171 tantummodo
1561 1127 1650 1170 duo
1673 1142 1828 1169 sumus
1848 1140 1857 1170 ε

168 1203 216 1244 Ρ.
250 1201 509 1257 Stephanus
538 1206 583 1243 et
614 1215 708 1256 ego,
741 1201 905 1257 quibus
935 1206 1090 1242 tamen
1120 1204 1281 1242 mutuo
1317 1212 1397 1240 nos
1428 1198 1575 1240 adhuc
1606 1198 1861 1253 conspicere

168 1286 259 1314 non
294 1271 434 1314 licuit.
474 1272 575 1327 Ipse
611 1271 730 1313 enim
766 1270 1046 1326 Claudiopoli
1080 1270 1143 1312 rei
1177 1269 1450 1311 christianae
1484 1272 1626 1310 navat
1661 1282 1860 1323 operam.

169 1344 266 1398 Ego
303 1347 463 1384 contra
498 1341 671 1391 unicus,
696 1342 880 1383 avulsus
917 1355 944 1382 a
979 1340 1104 1391 meis,
1143 1339 1240 1382 ovis
1277 1338 1510 1387 reiectitia,
1550 1338 1692 1381 Albae
1715 1338 1862 1392 Juliae

123 1428 158 1456 15
169 1412 360 1468 principi
389 1412 580 1468 regionis
614 1412 788 1454 adsum.
830 1411 940 1465 Jesu
963 1410 1139 1453 Christo
1162 1410 1219 1452 sit
1241 1410 1353 1459 laus,
1377 1423 1432 1451 ex
1468 1408 1623 1450 aulicis
1645 1414 1689 1450 et
1712 1408 1863 1451 dome-

171 1483 293 1526 sticis
310 1488 407 1525 tam
422 1482 635 1538 principis
651 1481 804 1538 ipsius,
829 1495 968 1538 quam
991 1480 1205 1536 coniugis,
1231 1480 1405 1536 aliquot
1427 1479 1519 1522 iam
1540 1479 1686 1521 habeo
1709 1480 1864 1521 catho-

170 1554 278 1596 licos
298 1568 307 1605 ;
338 1553 417 1595 sed
443 1567 608 1608 magno
636 1551 776 1594 animi
802 1551 891 1594 mei
918 1552 1071 1594 dolore
1098 1565 1243 1607 nuper
1269 1556 1414 1593 morte
1442 1554 1624 1606 ereptus
1652 1554 1719 1592 est
1747 1563 1864 1591 unus

171 1623 472 1666 cubicularius
514 1623 716 1673 intimus,
763 1637 899 1679 quem
943 1622 1067 1678 prius
1110 1621 1389 1664 confessione
1433 1625 1693 1676 purgatum,
1740 1634 1865 1662 sacro

172 1694 337 1737 Christi
364 1708 549 1750 corpore
577 1694 697 1749 pavi.
729 1693 997 1749 Sepulturae
1026 1698 1181 1735 autem
1208 1693 1332 1734 locus
1360 1691 1519 1734 defuit.
1552 1692 1715 1746 Itaque
1743 1704 1865 1732 more

125 1781 160 1809 20
171 1765 514 1814 haereticorum,
543 1764 781 1807 haereticis
807 1763 1134 1806 comitantibus
1161 1763 1208 1805 in
1235 1762 1458 1818 templum
1484 1762 1663 1803 illorum
1690 1761 1867 1803 delatus

172 1836 272 1878 fuit.
307 1837 411 1878 Non
441 1835 671 1877 existimet
706 1837 760 1877 R.
798 1836 846 1877 P.
880 1835 978 1876 Tua
1010 1834 1284 1876 Societatem
1314 1833 1361 1874 in
1390 1833 1476 1875 hoc
1506 1846 1708 1887 regnum,
1742 1831 1867 1874 velut

172 1907 219 1948 in
254 1905 536 1962 provinciam
573 1905 848 1948 debellatam
885 1919 936 1947 ac
973 1906 1083 1960 Jesu
1121 1903 1286 1947 Christi
1322 1902 1457 1946 suavi
1488 1902 1592 1958 iugo
1630 1902 1868 1944 subactam

173 1976 447 2019 veniendum
488 1990 595 2019 esse.
637 1975 862 2026 Profecto,
901 1975 963 2018 mi
1001 1969 1081 2018 Rde
1102 1976 1250 2024 Pater,
1291 1974 1327 2016 si
1365 1973 1566 2016 Societas
1603 1972 1869 2015 institutum

172 2048 219 2089 in
251 2046 508 2103 provincias
541 2046 810 2089 christianas
843 2046 1055 2089 veniendi
1088 2060 1270 2088 cursum
1302 2044 1375 2087 hic
1408 2043 1671 2092 servaverit,
1708 2057 1869 2098 parum

127 2122 253 2162 aaut
292 2117 403 2159 nihil
440 2117 739 2173 proficiemus.
781 2118 968 2159 Prorsus
1012 2117 1088 2159 via
1138 2121 1322 2172 patrum
1360 2115 1406 2156 in
1445 2114 1625 2156 Indiam
1663 2113 1870 2156 euntium

174 2188 362 2231 terenda
376 2188 506 2230 nobis
522 2192 604 2237 est,
635 2188 672 2230 si
687 2188 888 2244 aliquam
904 2187 976 2231 hic
991 2187 1201 2229 ecclesiae
1223 2186 1473 2228 catholicae
1495 2198 1679 2239 operam
1701 2196 1869 2225 navare

174 2258 461 2301 voluerimus.
489 2259 702 2314 Princeps
725 2258 910 2314 quidem
933 2257 1183 2300 catholicus
1206 2261 1288 2305 est,
1314 2260 1493 2298 caetera
1515 2254 1668 2296 omnia
1692 2252 1869 2295 Christo

174 2335 220 2372 et
249 2329 460 2372 ecclesiae
490 2329 694 2371 adversa.
746 2328 955 2384 Legibus,
1001 2328 1201 2371 articulis
1231 2332 1276 2368 et
1306 2324 1710 2368 constitutionibus
1746 2323 1870 2378 regni

174 2404 362 2442 cautum
397 2404 465 2442 est
501 2399 557 2442 de
591 2399 777 2441 ecclesia
811 2399 1080 2441 orthodoxa.
1119 2397 1346 2440 Nobilitas
1380 2395 1592 2437 universa
1626 2393 1866 2435 haeretica.

128 2485 164 2512 30
176 2472 386 2513 Proceres
415 2470 487 2512 vel
511 2469 797 2518 Calvinistae,
829 2469 901 2511 vel
930 2474 1050 2511 certe
1080 2468 1246 2524 quibus
1276 2465 1440 2509 Christi
1469 2478 1635 2507 nomen
1664 2464 1871 2506 odiosum

175 2545 256 2583 est.
282 2542 402 2583 Nam
424 2545 580 2596 aperte
602 2540 853 2596 loquuntur
889 2539 1134 2588 Christum,
1171 2537 1394 2593 siquidem
1429 2536 1575 2577 bonus
1611 2540 1655 2577 et
1687 2540 1872 2576 sanctus

177 2611 348 2661 fuisset,
384 2625 476 2653 non
509 2615 665 2653 actum
698 2610 835 2652 fuisse
867 2609 914 2650 in
947 2623 1138 2651 crucem.
1176 2608 1236 2650 Hi
1269 2621 1372 2662 ergo
1405 2621 1509 2648 curn
1544 2610 1679 2648 antea
1711 2619 1871 2647 exosos

175 2682 376 2724 habeant
415 2681 662 2724 catholicos
695 2679 965 2729 sacerdotes,
999 2679 1053 2721 de
1083 2678 1331 2720 insatiabili
1368 2676 1620 2733 cupiditate
1657 2674 1869 2723 habendi,

177 2752 288 2808 quid
326 2752 492 2802 dicent,
533 2752 570 2794 si
608 2766 690 2793 nos
728 2764 874 2793 assere
912 2749 1046 2792 nimis
1084 2754 1240 2791 nostra
1277 2762 1433 2803 urgere
1472 2745 1727 2789 senserint?
1772 2746 1871 2787 Hoc

131 2836 297 2872 assam,
332 2822 457 2878 quod
491 2823 583 2865 iam
618 2836 739 2864 nunc
775 2826 1006 2864 mussatur
1042 2819 1281 2861 duodecim
1312 2817 1499 2874 Jesuitis
1535 2816 1707 2859 alendis
1743 2815 1872 2858 dimi-

179 2892 305 2935 dium
338 2907 527 2949 regnum
557 2907 649 2935 non
679 2892 896 2935 sufficere.
934 2890 1055 2947 Quid
1089 2890 1125 2932 si
1160 2889 1348 2944 triginta
1382 2887 1623 2931 venerint?
1664 2888 1873 2941 Regnum

184 2988 230 2993 —
267 2963 416 3019 inquit
456 2990 502 2994 —
540 2963 626 3005 illis
660 2977 752 3005 non
786 2961 992 3004 sufficiet.
1038 2962 1163 3003 Haec
1198 2959 1344 3002 scribo
1379 2961 1434 3002 R.
1472 2960 1520 3001 P.
1566 2959 1656 3001 Vrae
1689 2957 1870 2999 sincere.

180 3033 315 3075 Forte
343 3034 464 3076 enim
492 3033 626 3076 multi
655 3037 892 3089 putarunt,
922 3033 1040 3074 hanc
1070 3030 1351 3086 provinciam
1381 3028 1597 3072 Societati
1626 3041 1717 3069 non
1747 3039 1873 3068 secus

181 3104 503 3157 capessendam
542 3118 594 3146 ac
634 3103 894 3153 Bavariam,
920 3103 991 3144 vel
1032 3101 1228 3150 Italiam,
1271 3100 1343 3143 vel
1381 3099 1630 3142 Poloniam.
1674 3096 1873 3151 Populus

135 3171 266 3216 40iste
308 3173 578 3227 (Saxonibus
615 3174 831 3230 exceptis)
874 3172 986 3215 adeo
1025 3185 1238 3228 praeceps
1276 3170 1389 3213 abiit
1427 3170 1473 3211 in
1511 3167 1781 3215 barbariem,
1821 3171 1874 3207 ut

253 3271 361 3299 Fontes
382 3273 493 3300 Rerum
512 3274 810 3307 Transylvanicatum
829 3273 855 3300 1.
1713 3263 1734 3299 7
