2188 3535
97 235 191 279 1583
225 231 330 265 deez.
367 233 430 276 29]
852 234 926 268 No.
967 244 1039 269 100
1714 242 1786 276 309

94 350 254 392 domus
271 348 510 397 seminarii,
532 363 648 404 quae
667 354 711 390 et
730 350 776 391 in
795 365 935 406 parvo
954 352 1051 393 loco
1072 355 1116 392 et
1135 351 1254 393 malo
1272 350 1361 392 sita
1379 355 1460 399 est,
1480 364 1561 392 nec
1579 364 1782 405 unquam

94 420 168 471 ibi,
203 420 326 475 quod
357 424 488 475 optat
531 419 672 474 Regia
711 421 923 463 Maiestas
961 436 1139 477 sperare
1181 421 1415 476 possimus,
1457 435 1534 462 oro
1575 420 1783 475 dispiciat

96 490 236 546 Regia
258 490 485 536 Maiestas,
520 504 631 531 num
666 492 990 533 monasterium
1022 492 1135 533 illud
1165 491 1579 540 Dominicanorum,
1615 491 1660 532 in
1694 505 1784 546 quo

95 561 250 603 Ariani
271 575 400 603 suam
423 560 625 602 scholam
645 560 956 610 instituerunt,
981 562 1127 604 eidem
1150 562 1386 604 seminario
1409 567 1559 617 posset
1576 561 1780 603 attribui.

47 644 65 671 5
103 632 247 687 Quod,
267 631 389 673 silex
414 631 491 673 illa
515 645 606 672 non
632 635 872 686 putaretur
896 632 1079 673 omnino
1105 632 1335 681 eiicienda,
1361 632 1634 674 domuncula
1656 631 1786 673 semi-

96 701 209 744 narii
237 702 347 744 satis
375 716 456 757 pro
484 701 570 743 illis
598 715 744 756 capax
772 702 1038 743 traderetur.
1073 702 1195 743 Nihil
1222 717 1328 744 vero
1358 702 1570 745 Societati
1598 702 1782 757 petitur,

96 773 175 815 sed
205 772 528 828 Transylvanis
560 777 606 814 et
640 771 830 821 Christo,
866 772 937 813 eui
968 772 1043 813 1113
1075 772 1226 814 omnia
1259 773 1430 814 dudum
1463 772 1614 814 dicata
1648 773 1784 813 fuere.

97 845 190 886 Nee
227 843 303 886 1113
339 843 586 899 quicquam
623 842 670 884 in
708 857 759 885 eo
797 843 1042 885 obtendere
1080 842 1148 884 ius
1186 848 1336 898 potest
1357 857 1366 893 ;
1405 843 1694 898 maximaque
1731 857 1787 884 ex

97 920 226 970 parte
256 914 303 956 id
333 928 529 956 vacuum
561 918 644 962 est,
679 918 724 955 et
755 913 932 955 ruinam
969 912 1180 955 minatur.
1215 913 1344 956 Cives
1374 913 1457 968 ipsi
1488 914 1673 969 quidam
1703 914 1787 954 hoc

48 997 83 1025 10
96 985 226 1027 nobis
267 989 601 1041 persuaserunt.
648 984 790 1026 Adest
833 984 895 1025 ibi
939 984 1229 1025 Provincialis
1284 989 1435 1026 noster
1490 989 1535 1026 et
1590 983 1789 1039 optimus

97 1056 211 1099 alter
256 1060 431 1106 rect0r;
484 1060 625 1111 atque
661 1056 719 1097 ab
753 1056 838 1097 hoc
874 1054 1095 1110 praesidio
1131 1049 1215 1096 M‘iS
1251 1055 1415 1110 Regiae
1466 1055 1581 1096 fulta
1623 1053 1788 1109 religio,

97 1127 242 1170 maius
273 1126 548 1183 praesidium
580 1125 937 1182 Transylvaniae
969 1125 1271 1167 demerebitur
1303 1139 1329 1167 a
1360 1126 1468 1167 Deo,

99 1229 304 1274 (Egykoru
331 1228 430 1263 mas.
459 1228 587 1262 rc3mai
612 1227 797 1261 vatikani
825 1227 1093 1260 »Nunziatura
1119 1227 1159 1260 di
1186 1225 1419 1260 Germania«
1443 1236 1503 1269 94.
1532 1226 1614 1259 ket.
1641 1225 1790 1267 461.1.)
