2188 3535
390 290 437 335 38
1160 286 1235 320 No.
1273 297 1317 331 14
1746 285 1864 332 [1576
1883 288 2006 332 szept.
2034 296 2074 332 ¹3

389 407 619 462 figmenta,
649 410 869 459 tanquam
895 402 1084 446 nebulae
1110 402 1363 447 levissimae
1390 404 1449 448 ad
1474 400 1773 448 clarissimum
1799 403 1903 446 solis
1927 403 2078 447 lumen

389 480 671 519 evanescent.
696 473 783 516 Sed
804 473 914 514 illud
934 473 1177 517 conturbat
1199 475 1380 524 multos,
1404 474 1529 532 quod
1551 475 1609 518 ab
1631 473 1870 518 haereticis
1890 478 1935 516 et
1957 473 2079 530 prius

389 546 435 588 in
470 544 716 602 principem
751 543 1104 598 Transylvaniae
1140 549 1185 587 et
1222 559 1340 588 nunc
1376 544 1422 587 in
1458 560 1608 602 regern
1648 543 1859 588 Poloniae
1913 544 2080 587 electus

390 615 524 658 fueris
540 627 549 663 ;
579 612 708 669 quasi
727 626 833 655 vero
861 626 952 655 non
980 612 1123 670 magis
1151 614 1210 665 id,
1242 621 1345 659 tuas
1373 615 1561 659 eximias
1592 615 1799 665 virtutes,
1830 614 2080 671 praeclaras

389 684 526 729 animi
549 683 678 725 dotes
700 687 745 725 et
768 682 1025 727 inauditam
1048 685 1132 727 Dei
1154 686 1316 742 optimi
1337 686 1525 729 maximi
1547 701 1655 742 erga
1681 691 1726 728 te
1750 685 2081 742 providentiam
2109 697 2127 726 5
2186 675 2188 716 l

387 753 686 798 commendet.
738 754 858 796 Nam
898 753 935 796 si
967 767 994 798 a
1025 755 1128 798 solis
1159 756 1392 799 catholicis
1423 757 1580 800 fuisset
1612 756 1815 812 perfecta
1844 756 1967 798 Tuae
1998 750 2082 797 Mtis
2184 726 2188 825 Ξ

387 824 557 873 electio,
597 823 698 880 quis
727 823 787 875 id,
819 825 1016 874 obsecro,
1062 826 1394 869 admiraretur?
1442 827 1679 883 Siquidem
1723 841 1751 870 a
1792 830 1957 869 natura
1998 827 2082 869 hoc

387 895 596 938 omnibus
616 894 803 937 insitum
825 900 906 945 est,
930 901 982 938 ut
1004 895 1168 939 similes
1189 896 1408 940 similibus
1423 897 1705 941 associentur
1718 911 1726 947 ;
1753 902 1799 939 et
1821 901 1872 939 ut
1894 895 2083 952 quilibet
2166 875 2188 964 ξ

388 981 492 1009 eum
510 965 654 1021 magis
672 979 936 1021 promovere
955 972 1155 1017 conetur,
1174 982 1310 1024 quem
1328 982 1434 1010 suae
1454 968 1667 1023 religioni,
1690 967 1871 1023 suisque
1885 967 2084 1011 moribus

390 1037 516 1080 videt
545 1036 815 1079 similiorem.
846 1036 934 1080 Sed
960 1037 1085 1093 quod
1110 1038 1324 1081 haeretici
1353 1043 1432 1080 aut
1461 1038 1738 1081 schismatici
1765 1037 1811 1080 in
1839 1037 2084 1094 principem
2098 1049 2132 1077 ιο
2180 1028 2184 1064 ¹

389 1112 469 1151 aut
505 1121 652 1162 regern
688 1106 772 1149 sibi
808 1107 1054 1164 deposcant
1091 1108 1239 1151 virum
1291 1109 1569 1151 catholicum
1606 1108 1743 1152 sectis
1777 1108 1868 1151 suis
1903 1109 2086 1152 omnino
2178 1070 2183 1182 ξ

389 1177 678 1226 contrarium,
709 1179 793 1220 hoc
821 1193 1002 1234 prorsus
1043 1180 1262 1222 cancellos
1309 1179 1537 1235 egreditur
1580 1179 1780 1222 rationis.
1825 1180 2087 1235 Numquam
2177 1191 2181 1222 ι

392 1249 513 1292 enim
539 1253 705 1291 natura
725 1248 894 1292 infecta
913 1255 957 1292 et
980 1256 1194 1306 corrupta
1215 1251 1273 1293 ad
1296 1255 1477 1293 tantam
1500 1250 1719 1306 pietatem
1741 1264 1816 1292 eos
1837 1249 2085 1301 inclinaret,

389 1320 474 1362 nisi
503 1324 582 1362 aut
612 1320 790 1362 occulta
818 1321 1019 1376 quadam
1049 1321 1204 1364 divina
1232 1321 1402 1364 virtute
1433 1321 1492 1364 ad
1519 1322 1603 1364 hoc
1632 1321 1986 1377 impellerentur,
2018 1322 2088 1364 vel
2184 1327 2188 1357 ¹.

390 1390 501 1434 raris
525 1395 570 1432 et
595 1389 811 1433 inauditis
835 1391 1084 1434 virtutibus
1108 1392 1214 1441 eius,
1243 1392 1320 1448 qui
1344 1392 1536 1448 eligitur,
1564 1395 1936 1447 provocarentur.
1969 1391 2089 1447 Quid
2101 1397 2134 1426 ¹⁵
2180 1400 2188 1437 ’ἔ

390 1461 510 1504 enim
542 1460 608 1503 ita
639 1460 745 1503 Divi
767 1462 993 1504 Ambrosii
1009 1464 1044 1490 1⁵
1073 1463 1336 1505 electionem
1359 1463 1669 1511 commendat,
1694 1477 1833 1518 quam
1855 1462 1979 1518 quod
1999 1477 2089 1506 non

393 1533 538 1575 solum
559 1546 586 1573 a
604 1532 848 1581 catholicis,
870 1532 949 1575 sed
971 1533 1109 1576 etiarn
1134 1534 1192 1576 ab
1211 1533 1388 1575 Arianis
1411 1534 1470 1576 ob
1494 1534 1750 1589 praeclaras
1769 1547 1874 1576 suas
1897 1532 2090 1576 virtutes

395 1603 557 1658 dignus
578 1602 714 1644 fuerit
736 1602 962 1645 iudicatus
983 1604 1247 1659 episcopatu
1267 1604 1620 1647 Mediolanensi?
1644 1605 1735 1646 Nec
1752 1603 1799 1645 id
1813 1617 1920 1646 sane
1936 1603 2090 1646 imme-

393 1673 494 1716 rito.
529 1674 598 1715 Ea
633 1677 699 1714 est
732 1673 851 1716 enim
882 1674 951 1716 vis
983 1675 1236 1730 probitatis,
1271 1689 1324 1717 ea
1355 1674 1555 1717 conditio
1588 1674 1809 1723 veritatis,
1843 1689 1897 1717 ea
1927 1680 2091 1718 natura

392 1743 592 1793 virtutis,
631 1748 682 1785 ut
718 1744 857 1787 etiam
892 1746 1045 1787 oculos
1079 1745 1388 1801 improborum
1424 1750 1692 1801 mentesque
1728 1759 1813 1787 sua
1847 1744 2135 1788 clarissimam
2174 1756 2176 1758 “

392 1815 490 1856 luce
532 1814 805 1870 perstringat
847 1820 892 1858 et
934 1815 1073 1858 etiam
1115 1816 1318 1858 nolentes
1361 1816 1420 1858 ad
1460 1815 1743 1859 laudandam
1805 1815 2090 1859 honestatem

395 1885 649 1940 compellat.
703 1886 837 1942 Quod
880 1887 1105 1942 praeclare
1150 1891 1283 1942 po‘e'ta
1329 1886 1562 1942 expressit,
1610 1887 1723 1929 dum
1766 1886 1828 1929 sic
1872 1886 2091 1937 Medeam,

394 1958 680 1999 inhonestam
726 1959 957 2000 mulierem
1003 1960 1263 2000 castitatem
1308 1959 1574 2001 laudantem
1626 1959 1907 2001 introduxit:
1959 1958 2092 2002 Video

396 2028 574 2070 meliora
615 2029 843 2084 proboque,
885 2030 1091 2072 deteriora
1134 2044 1297 2085 sequor.
1342 2029 1461 2071 Nam
1502 2030 1581 2085 qui
1621 2029 1758 2071 semel
1797 2030 2091 2072 verecundiae

396 2098 508 2140 fines
539 2097 780 2148 transierit,
820 2113 923 2142 eum
949 2100 1061 2142 bene
1087 2105 1132 2142 et
1157 2099 1355 2155 graviter
1379 2104 1560 2155 oportet
1586 2113 1681 2141 esse
1707 2098 2022 2154 impudentem
2047 2104 2137 2142 et2⁵

397 2168 608 2224 quamvis
635 2169 719 2211 sibi
745 2169 939 2212 virtutes
965 2172 1187 2226 placeant,
1218 2175 1384 2219 tamen,
1419 2170 1527 2226 quia
1562 2169 1739 2212 animus
1765 2169 1859 2212 eius
1884 2169 1930 2212 in
1956 2184 2093 2213 caeno

398 2238 615 2281 vitiorum
642 2241 935 2296 computruit,
966 2256 1055 2283 non
1083 2241 1234 2290 audet,
1264 2255 1344 2283 nec
1376 2246 1541 2296 potest,
1573 2240 1744 2296 absque
1771 2239 1984 2296 singulari
2011 2240 2094 2284 Dei

399 2309 624 2352 adiutorio
658 2311 717 2353 ad
749 2312 894 2354 lucem
926 2311 1179 2354 honestatis
1212 2312 1420 2368 aspirare.
1459 2311 1579 2353 Illud
1611 2325 1797 2367 quoque
1830 2325 1920 2354 non
1953 2311 2093 2368 pudet
2152 2305 2182 2369 ξ’

401 2380 624 2436 quosdam
648 2382 838 2425 obiicere
862 2387 907 2425 et
931 2383 1266 2438 reprehendere,
1293 2382 1417 2438 quod
1453 2396 1557 2425 cum
1581 2381 1736 2424 Turcis
1758 2382 1858 2424 Tua
1882 2381 2094 2426 Maiestas
2152 2374 2155 2389 ¹

405 2453 523 2505 (curn
551 2452 698 2495 adhuc
725 2458 841 2496 esset
868 2453 1075 2510 princeps
1100 2453 1469 2510 Transylvaniae)
1502 2453 1660 2495 foedus
1686 2452 1849 2502 inierit,
1877 2452 1914 2495 si
1939 2454 2138 2496 catho-ao

400 2522 524 2572 licus,
553 2522 780 2578 inquiunt,
809 2529 890 2573 est,
920 2539 999 2566 cur
1025 2524 1182 2567 foedus
1221 2539 1324 2567 cum
1350 2523 1506 2566 Turcis
1533 2523 1715 2566 servat?
1747 2537 1827 2565 cur
1851 2537 1942 2566 non
1968 2537 2093 2567 arma

401 2597 560 2635 contra
597 2594 695 2637 illos
732 2595 905 2637 sumit?
950 2596 1052 2637 Non
1091 2595 1506 2638 animadvertentes
1543 2593 1705 2642 miseri,
1749 2593 1874 2649 quod
1910 2593 1947 2637 si
1984 2595 2093 2638 haec

402 2663 519 2705 ratio
551 2664 721 2720 aliquid
751 2665 990 2721 colligeret,
1041 2665 1164 2721 prius
1195 2665 1516 2721 reprehendere
1548 2664 1789 2719 oportebat
1820 2664 2094 2708 christianis-

402 2733 539 2775 simos
569 2748 692 2789 reges
717 2735 888 2778 Galliae
919 2741 962 2778 et
996 2736 1365 2778 catholicissimos
1396 2750 1446 2778 ac
1478 2734 1781 2790 pientissimos
1812 2749 1935 2790 reges
1966 2735 2093 2778 Polo-

403 2803 518 2852 niae‚
558 2804 635 2860 qui
673 2811 943 2861 perpetuum
981 2806 1138 2848 foedus
1175 2821 1278 2848 cum
1315 2805 1471 2848 Turcis
1508 2805 1771 2855 coluerunt;
1827 2804 2138 2862 obiurgandi&

405 2879 533 2916 erant
571 2875 733 2917 Veneti
771 2881 815 2918 et
854 2876 1099 2931 imperator
1137 2875 1483 2924 Maximilianus,
1525 2875 1603 2930 qui
1641 2874 1797 2917 multis
1835 2876 2095 2919 muneribus

258 2975 390 3004 Machab·
406 2958 534 3000 aegre
551 2944 735 3000 singulis
752 2946 880 2988 annis
897 2961 1055 3002 pacem
1073 2947 1130 2989 ab
1148 2946 1231 2988 illis
1248 2951 1518 2988 mercantur.
1540 2946 1642 2987 Non
1659 2950 1756 2988 erat
1774 2945 2094 3001 ignoscendum

265 3027 330 3059 8.9‚
350 3033 390 3051 10-
406 3015 699 3058 sanctissimis
724 3017 995 3065 Machabeis,
1024 3017 1148 3072 quod
1173 3031 1275 3059 curn
1297 3021 1445 3059 essent
1469 3015 1604 3058 duces
1627 3015 1904 3059 selectissimi
1925 3015 2091 3073 populi,

407 3085 491 3128 Dei
523 3086 785 3129 societatem
817 3091 862 3129 et
895 3087 1141 3130 amicitiam
1173 3101 1276 3130 cum
1310 3086 1529 3130 Romanis
1565 3086 1659 3142 (qui
1692 3091 1801 3129 tunc
1832 3086 2094 3130 idololatrae
2183 3097 2188 3128 1

406 3157 550 3211 erant)
596 3156 798 3200 iniissent
825 3163 870 3200 et
897 3158 1020 3213 quod
1045 3157 1390 3214 complacuisset
1416 3157 1501 3199 illis
1526 3156 1572 3199 in
1598 3156 1908 3200 Alexandrum
1933 3162 1978 3200 et
2003 3166 2129 3200 non«
2184 3166 2188 3198 1

533 3258 564 3279 1⁵
592 3258 712 3293 Szent
738 3259 912 3294 Ambrus
940 3260 1150 3305 piispo'kke
1175 3259 1497 3295 valasztatasara
1523 3260 1664 3294 ezeloz.

2129 3334 2134 3355 ι
2186 3318 2188 3323 .
