2188 3535
364 208 430 242 172
1126 198 1199 232 No.
1230 207 1278 243 59
1714 200 1826 243 [1581
1862 203 1985 245 szept.
2025 210 2038 235 1

208 322 292 348 Decz.
319 330 342 353 7-
491 315 692 371 Septima
731 315 801 356 die
840 314 1100 356 Decembris
1139 315 1245 357 anni
1286 325 1396 372 1579
1435 330 1528 372 ego,
1571 319 1618 360 P.
1660 317 1950 373 Volfgangus,
1992 319 2041 360 P.
2091 315 2097 322 “

360 385 574 434 Adamus,
607 387 653 427 P.
686 385 897 426 Melchior
924 398 1027 428 cum
1057 385 1233 428 duobus
1262 386 1358 429 aliis
1387 387 1602 430 fratribus
1631 388 1810 431 Polonis
1838 402 1893 430 ex
1921 388 2045 430 Urbe

194 463 278 489 Deez-
303 471 345 495 2⁵-
361 456 652 498 discessimus.
701 454 912 496 Venetias
957 469 1098 511 usque
1143 456 1253 498 nihil
1298 457 1388 500 fere
1432 459 1664 501 molestiae
1708 458 1828 515 passi
1872 471 2040 501 sumus.

360 526 493 568 Festa
546 524 765 567 Natalitia
817 525 984 580 partim
1036 527 1250 577 Venetiis,
1309 528 1476 584 partim
1530 530 1709 572 Patavii
1761 528 2041 585 peregimus;

359 596 556 637 maxima
593 595 760 650 ubique
791 596 1012 639 charitate
1044 611 1071 639 a
1102 598 1308 653 patribus
1344 600 1508 643 nostris
1545 600 1722 656 excepti
1759 605 1804 642 et
1841 599 2041 642 tractati.
2075 614 2094 641 5

360 667 465 707 Post
493 665 735 707 Patavium
761 666 912 709 variae
938 682 1021 710 nos
1046 668 1162 710 illico
1188 669 1504 714 tribulationes
1529 671 1758 727 exagitare
1783 674 2041 726 coeperunt,

358 735 507 777 Padus
530 736 649 778 enim
673 736 825 779 alveos
849 751 952 780 suos
975 752 1175 794 egressus
1199 740 1296 783 vias
1320 755 1475 784 omnes
1499 742 1788 791 distraxerat,
1813 741 1880 784 ita
1895 746 1948 784 ut
1962 754 2044 783 nec

357 806 564 861 pedestri,
591 821 671 848 nec
695 808 891 863 equestri
914 808 1072 851 itinere
1096 814 1199 853 tuto
1223 811 1448 868 quispiam
1472 813 1661 856 transire
1685 817 1849 869 posset.
1875 814 2043 868 Merge-

357 877 523 918 bantur
554 877 672 920 enim
705 878 807 934 equi
838 880 1111 936 quandoque
1142 895 1284 938 usque
1316 883 1376 925 ad
1405 898 1563 939 genua,
1597 884 1870 940 quandoque
1900 896 2043 938 usque

357 947 415 989 ad
455 953 664 999 ventres;
707 964 1034 1006 nonnunquam
1074 951 1204 995 iuxta
1243 953 1389 1009 ripam
1429 955 1475 997 in
1515 955 1687 1011 liquida
1726 969 1862 998 arena
1901 967 2043 1009 usque
2058 968 2094 996 10

356 1018 414 1059 ad
447 1018 681 1069 auriculas,
717 1020 782 1062 ita
814 1026 866 1063 ut
900 1022 976 1064 vix
1010 1024 1187 1066 extrahi
1220 1030 1431 1080 possent:
1467 1026 1571 1068 hinc
1605 1026 1775 1069 fiebant
1808 1023 2043 1082 periculosi

356 1102 485 1131 casus
511 1091 795 1145 quorundam
822 1098 1004 1147 patrum
1030 1099 1074 1136 et
1102 1095 1294 1138 fratrum
1320 1096 1574 1152 aliquorum
1599 1097 1645 1139 in
1671 1097 1825 1146 fossaS,
1853 1096 2043 1139 aliorum

356 1159 401 1201 in
432 1174 598 1215 aquam
629 1166 674 1203 et
703 1162 864 1205 lutum.
899 1164 1120 1208 Omnibus
1150 1171 1305 1209 tamen
1325 1167 1395 1209 his
1417 1168 1632 1211 molestiis
1663 1168 1897 1224 superatis,
1929 1165 2042 1209 salvi

355 1244 409 1272 ex
442 1231 575 1274 Italia
605 1233 902 1277 enatavimus.
937 1236 1049 1278 Cum
1079 1237 1355 1280 venissemus
1384 1239 1430 1281 in
1461 1239 1657 1295 primum
1687 1239 1907 1296 oppidum
1936 1238 2042 1280 Ger-

357 1301 546 1351 maniae,
586 1302 657 1345 hic
694 1304 864 1346 usitata
900 1307 1228 1351 haereticorum
1265 1309 1551 1362 salutatione,
1585 1310 1837 1353 maledictis
1868 1313 1913 1352 et
1945 1322 2041 1351 ver-
2056 1322 2092 1349 15

355 1372 535 1414 beribus
576 1387 731 1416 sumus
773 1377 960 1432 excepti.
1008 1379 1222 1434 Egressus
1264 1381 1384 1423 enim
1426 1381 1610 1424 obviam
1652 1381 1781 1424 nobis
1822 1381 1869 1423 in
1910 1383 2041 1436 porta

356 1442 555 1486 civitatis
593 1445 778 1500 quidam
819 1461 954 1503 eques
992 1449 1242 1493 Germanus
1280 1451 1441 1502 ebrius,
1482 1458 1533 1495 ut
1573 1453 1769 1508 primum
1807 1451 1922 1495 vidit
1961 1463 2043 1492 nos

355 1512 545 1556 inermes
576 1520 620 1557 et
653 1517 837 1571 agnovit
869 1532 962 1561 esse
994 1520 1205 1574 Jesuitas‚
1256 1522 1453 1577 primum
1484 1524 1619 1566 variis
1650 1522 1863 1566 conviciis
1894 1520 2040 1576 coepit

355 1583 598 1635 lacescere;
633 1587 692 1628 ad
723 1602 850 1643 quae,
891 1603 994 1632 cum
1029 1605 1110 1633 nos
1141 1592 1313 1635 videret
1346 1595 1667 1644 obmutescere,
1701 1599 1881 1649 arrepta
1916 1592 2041 1647 virga

356 1654 459 1696 forti
505 1661 549 1697 et
594 1671 753 1708 crassa,
802 1660 977 1702 tamdiu
1021 1676 1390 1719 unumquemque
1422 1665 1576 1708 ordine
1608 1664 1865 1721 flagellavit,
1900 1663 2040 1705 donec
2055 1678 2090 1704 20

356 1725 401 1766 in
446 1727 693 1782 hospitium
738 1743 818 1771 nos
863 1731 1169 1787 reciperemus.
1218 1735 1518 1779 Occurrerunt
1563 1742 1607 1778 et
1653 1736 1765 1779 aliae
1810 1734 2041 1778 molestiae

356 1796 485 1838 nobis
528 1812 606 1852 per
648 1800 868 1843 Bavariae
911 1803 1032 1845 fines.
1080 1804 1134 1846 In
1177 1805 1449 1860 quibusdam
1492 1807 1611 1849 enirn
1653 1807 1761 1849 locis
1803 1805 2042 1849 Danubius

356 1866 447 1909 iam
477 1874 724 1919 concretus,
757 1871 802 1912 in
832 1872 928 1915 aliis
959 1888 1064 1916 vero
1095 1876 1268 1918 solutus
1298 1883 1422 1920 erat:
1455 1878 1559 1920 hinc
1590 1878 1763 1920 factum
1793 1881 1874 1928 est,
1899 1881 1951 1919 ut
1973 1880 2042 1918 ter

356 1943 435 1979 aut
478 1944 640 1994 quater
680 1942 833 1984 navim
876 1950 1051 1987 mutare
1094 1948 1460 2002 compelleremur
1501 1953 1545 1991 et
1588 1963 1707 1991 nunc
1749 1962 1881 1991 curru
1921 1946 2039 1996 vehi,

356 2022 473 2050 nunc
505 2011 684 2066 navigio
716 2013 980 2057 descendere
1010 2030 1174 2072 magno
1204 2025 1358 2061 nostro
1390 2020 1556 2062 damno
1587 2033 1856 2076 cogeremur.
1889 2019 2041 2074 Atque
2054 2033 2090 2061 25

355 2092 435 2134 ego
473 2081 554 2122 has
592 2096 746 2125 omnes
784 2085 1012 2128 molestias
1048 2088 1178 2144 longe
1216 2095 1322 2132 ante
1361 2091 1525 2133 nostris
1563 2091 1804 2134 comitibus
1840 2089 2041 2133 Venetiis

355 2151 664 2204 praedixeram
692 2159 735 2195 et
764 2156 1010 2199 suadebam
1037 2159 1166 2215 longe
1193 2160 1373 2204 brevius
1400 2167 1445 2204 et
1473 2162 1647 2205 facilius
1673 2162 1758 2204 iter
1784 2175 1862 2218 per
1889 2159 2040 2203 Carin-

355 2220 511 2270 thiam,
537 2228 617 2265 aut
641 2238 720 2279 per
742 2226 946 2270 Vilacum
967 2242 976 2279 ;
1002 2230 1080 2271 sed
1103 2245 1193 2273 non
1217 2231 1280 2274 fui
1304 2233 1500 2276 auditus.
1525 2234 1694 2276 Verum
1718 2232 1872 2275 divino
1895 2230 2040 2274 adiuti

354 2292 532 2343 auxilio,
554 2296 865 2356 superavimus
881 2299 1067 2343 tandem
1083 2301 1221 2344 etiam
1243 2304 1439 2359 pericula
1460 2305 1612 2347 omnia
1633 2302 1832 2348 Danubii
1856 2307 1901 2344 et
1927 2301 2040 2344 salvi

353 2362 574 2406 Viennam
599 2368 898 2421 pervenimus.
928 2371 1017 2413 Ubi
1043 2378 1217 2427 quanta
1242 2375 1457 2417 fuerimus
1481 2376 1703 2418 charitate
1728 2389 1755 2417 a
1779 2373 2040 2416 charissimo
2053 2387 2089 2415 30

353 2438 397 2474 et
427 2434 740 2490 antiquissimo
768 2445 897 2494 patre
924 2448 1078 2485 nostro
1112 2444 1203 2500 (qui
1233 2459 1313 2488 nos
1343 2446 1518 2489 Christo
1546 2447 1592 2489 in
1621 2446 1843 2489 Societate
1866 2443 2035 2499 genuit)

355 2503 596 2548 Laurentio
637 2509 784 2564 Magio
825 2513 1028 2569 excepti:
1072 2521 1245 2570 quanto
1285 2522 1516 2572 praeterea
1556 2533 1582 2560 a
1622 2517 1795 2560 dilectis
1834 2516 2041 2572 patribus

354 2578 398 2615 et
422 2574 636 2620 fratribus
659 2593 810 2623 amore
834 2584 1018 2625 tractati
1039 2599 1048 2635 ;
1074 2592 1248 2641 quanta
1270 2588 1462 2644 denique
1486 2589 1544 2631 ab
1567 2588 1722 2632 amicis
1744 2593 1788 2630 et
1813 2586 2041 2642 discipulis

355 2646 518 2687 nostris
558 2647 722 2692 fuerint
763 2652 911 2696 officia
950 2655 1249 2700 humanitatis
1288 2659 1503 2709 exhibita,
1546 2660 1710 2702 nullius
1749 2664 1816 2701 est
1857 2662 2040 2700 tantum

355 2715 522 2757 flumen
547 2718 722 2774 ingenii,
750 2723 872 2766 nulla
897 2725 1073 2768 dicendi
1097 2732 1228 2771 tanta
1244 2729 1324 2779 vis,
1344 2735 1565 2786 tantaque
1589 2730 1730 2786 copia,
1758 2743 1874 2785 quae
1897 2727 2039 2784 possit
2052 2741 2089 2769 35

356 2789 634 2832 numerando
670 2792 843 2848 singula
878 2810 1146 2850 percensere.
1185 2800 1352 2842 Triduo
1388 2801 1511 2856 apud
1544 2803 1626 2844 hos
1661 2814 1895 2856 nunquam
1930 2798 2041 2841 satis

357 2855 565 2899 laudatos
598 2867 748 2915 patres
781 2871 825 2906 et
861 2866 1020 2910 fratres
1054 2870 1393 2926 conquievimus
1412 2884 1421 2921 ;
1458 2872 1561 2914 hinc
1595 2871 1836 2926 resumptis
1870 2869 2041 2912 viribus

356 2925 640 2972 Olomucium
678 2937 1028 2989 properavimus,
1067 2939 1170 2982 inde
1208 2941 1469 2984 Cracoviam
1506 2942 1833 2991 festinavimus,
1872 2940 2041 2995 ubique

356 2996 469 3039 felici
509 3004 552 3040 et
592 3015 801 3058 prospero
840 3007 996 3051 itinere
1034 3010 1114 3053 usi.
1157 3012 1409 3062 Cracoviae,
1451 3013 1558 3069 quia
1602 3013 1820 3055 ducentos
1867 3024 2036 3061 aureos,

356 3081 467 3121 quos
502 3083 582 3124 pro
617 3086 687 3114 me
722 3080 765 3116 et
801 3078 919 3120 socio
955 3094 1067 3129 meo,
1106 3083 1152 3124 P.
1190 3082 1440 3139 Volfgango
1476 3085 1648 3126 Romae
1682 3098 1708 3126 a
1743 3083 1892 3139 legato
1926 3081 2089 3137 regis-10

356 3150 627 3194 acceperam,
674 3144 851 3189 dicebat
896 3150 942 3191 P.
990 3151 1192 3196 Adamus
1234 3153 1325 3196 iam
1369 3168 1462 3197 esse
1505 3159 1811 3210 consumptos,
1857 3157 2040 3196 coactus
