2188 3535
387 166 458 211 296
1151 162 1224 195 No.
1259 173 1307 206 94
1777 162 1892 207 [1583
1926 172 2015 206 aug.
2054 175 2068 200 1

516 283 623 336 [Εἴ2
655 296 756 324 curn
787 280 1069 322 absolutione
1102 293 1128 320 a
1159 278 1359 321 censuris
1391 279 1450 321 ad
1479 280 1693 323 effectum
1736 285 1821 322 etc.
1856 279 1915 321 Et
1948 280 2073 335 quod

386 353 598 406 fructum}
634 357 678 394 et
712 354 1016 406 proventuum
1052 349 1146 390 veri
1180 349 1320 390 annui
1354 349 1520 393 valoris
1554 354 1639 393 etc.
1671 350 1919 392 secundum
1953 364 2073 393 com-

385 436 565 464 munem
594 420 956 463 aestimationem
989 418 1270 475 aliorumque
1311 420 1572 463 huiusmodi
1615 421 1885 463 necessitate
1927 421 2073 477 expri-

383 492 645 534 mendorum
676 495 852 531 tenores
881 489 1137 531 habeantur
1166 504 1248 545 pro
1278 491 1499 546 expressis
1528 506 1606 534 seu
1635 491 1682 533 in
1711 496 1812 534 toto
1841 491 1913 534 vel
1943 496 2073 547 parte

383 561 568 616 exprimi
604 559 807 615 possint;
847 564 891 601 et
929 559 983 601 de
1020 559 1434 611 dismembratione,
1473 562 1772 618 separatione,
1810 562 2072 619 appropria·
2101 581 2121 609 5

382 631 513 680 tione,
545 629 795 672 annexione
819 634 864 672 et
889 629 1266 686 incorporatione,
1293 632 1473 675 decreto
1498 638 1544 675 et
1569 633 1860 689 derogatione
1884 632 2071 689 aliisque

380 700 644 756 praemissis,
680 708 732 742 ut
765 713 913 756 supra,
938 714 1056 756 quae
1090 701 1163 744 hic
1197 716 1279 758 pro
1313 703 1519 759 repetitis
1553 704 1810 746 habeantur
1844 703 1891 746 in
1925 703 2071 746 forma

376 771 572 826 gratiosa
623 770 681 812 ad
731 775 999 826 perpetuam
1051 772 1114 814 rei
1164 773 1431 817 memoriam
1481 774 1700 817 latissime
1751 774 2067 831 exprimendis.

378 842 436 882 Et
485 855 601 897 quae
649 841 805 884 literae
837 841 1028 897 desuper
1062 842 1109 884 in
1145 843 1292 886 forma
1326 845 1541 901 simplicis
1575 850 1823 902 perpetuae
1859 845 2070 888 dismem—

377 911 607 961 brationis,
652 912 970 967 applicationis
1012 918 1057 956 et
1099 913 1489 970 incorporationis,
1533 916 1707 972 gratiae
1749 916 1785 959 si
1826 916 1990 965 neutri,
2034 915 2121 961 si1o

376 982 498 1030 nulli,
536 981 572 1024 si
609 982 737 1024 alteri
774 982 959 1038 perinde
996 990 1144 1026 essent
1181 986 1345 1036 valere,
1384 1000 1487 1030 cum
1523 987 1777 1043 gratissime
1813 992 2071 1043 opportuna

374 1058 625 1095 conventus
665 1053 728 1094 illi
767 1055 892 1096 locus
932 1054 990 1096 sit
1031 1055 1250 1098 latissime
1291 1057 1565 1100 extendendi
1600 1058 1819 1108 faciendo,
1855 1058 1994 1100 etiarn
2035 1056 2071 1099 si

374 1137 488 1178 opus
515 1123 649 1166 tuerit
677 1124 852 1166 nullum
880 1124 966 1167 sibi
993 1125 1062 1168 ius
1091 1126 1282 1183 desuper
1310 1133 1579 1184 competere,
1609 1143 1756 1185 neque
1783 1129 1922 1171 etiam
1951 1141 2071 1170 com·

373 1194 554 1250 petiisse
582 1208 634 1237 ac
662 1195 814 1237 omnia
839 1196 1024 1239 nulliter
1051 1202 1096 1239 et
1125 1197 1181 1240 de
1209 1198 1332 1241 facto
1360 1200 1640 1255 processisse,
1670 1205 1715 1242 et
1744 1214 1904 1242 causas
1930 1212 2070 1256 quare

372 1265 511 1308 etiam
543 1266 688 1308 nullas
719 1271 764 1308 et
796 1265 988 1310 infectas
1019 1268 1159 1311 etiam
1191 1270 1360 1326 proprii
1391 1270 1515 1313 tituli
1546 1285 1598 1314 ac
1630 1271 1722 1313 litis
1753 1276 1798 1313 et
1830 1269 2069 1327 possessio·
2084 1288 2121 1316 15

373 1335 455 1385 nis,
498 1336 627 1392 siqua
666 1337 738 1386 sit,
780 1337 1104 1395 fructuumque
1144 1341 1446 1396 perceptionis
1485 1342 1703 1385 latissime
1743 1341 2067 1390 extendendas,

371 1406 505 1449 simul
545 1408 616 1449 vel
656 1407 715 1450 ad
753 1413 931 1464 partem
972 1410 1174 1466 expediri
1213 1412 1401 1467 possint.
1442 1413 1504 1455 Et
1544 1427 1648 1455 curn
1689 1412 1974 1469 derogatoria
2014 1411 2069 1454 de

374 1477 556 1519 annuali
591 1479 879 1534 possessione,
915 1495 1006 1536 quo
1048 1481 1107 1524 ad
1148 1487 1326 1538 partem
1368 1498 1482 1539 opus
1523 1483 1582 1526 sit
1624 1499 1676 1526 ac
1717 1483 2069 1540 praemissarum

374 1548 429 1590 de
456 1562 547 1591 non
575 1549 773 1593 tollendo
800 1550 895 1593 iure
923 1552 1121 1608 aquisito
1142 1558 1187 1595 et
1210 1553 1264 1596 de
1286 1554 1451 1597 unione
1479 1555 1810 1598 committenda
1829 1554 1889 1597 ad
1915 1559 2069 1610 partes

374 1619 561 1668 vocatis,
616 1621 999 1678 exprimendoque
1052 1624 1204 1666 valore
1257 1625 1513 1668 clausarum
1567 1625 1836 1668 Sanctitatis
1880 1626 2118 1671 Vestraezo

373 1690 651 1746 aliarumque
707 1692 1104 1744 constitutionum,
1161 1700 1456 1746 statutorum,
1514 1696 1941 1752 privilegiorumque
1997 1709 2069 1737 su-

373 1761 679 1815 pradictorum
730 1768 775 1805 et
827 1778 1202 1821 quorumcunque
1253 1767 1444 1809 aliorum
1495 1767 1838 1823 quomodolibet
1890 1771 2069 1809 contra-

373 1831 541 1874 riorum
563 1833 779 1876 latissime
801 1835 1205 1879 extendendorum.
1239 1837 1299 1879 Et
1323 1852 1427 1880 cum
1461 1843 1733 1895 opportuna,
1769 1838 1806 1880 si
1837 1837 2070 1880 videbitur

373 1908 703 1958 exequutorum
719 1905 1029 1961 deputatione,
1052 1908 1131 1963 qui
1147 1908 1361 1951 assistent
1380 1909 1520 1951 etiam
1536 1910 1620 1951 sub
1636 1908 1835 1952 censuris
1850 1914 1935 1951 etc.
1955 1909 2068 1951 Cum

375 1973 590 2016 facultate
613 1975 784 2018 citandi
805 1982 850 2019 et
874 1977 1107 2021 inhibendi
1130 1979 1269 2021 etiam
1298 1980 1383 2022 sub
1419 1980 1640 2022 similibus
1671 1980 1744 2023 vel
1775 1979 2068 2022 dissimilibus
2080 1998 2118 2026 25

373 2044 581 2094 censuris,
605 2060 656 2088 ac
688 2047 826 2089 etiam
858 2062 937 2103 per
968 2049 1168 2092 edictum
1200 2051 1433 2106 publicum
1465 2051 1738 2101 declarandi,
1772 2050 2065 2107 aggravandi,

372 2116 694 2171 reaggravandi
711 2120 1134 2162 excommunicandi
1150 2121 1463 2171 interdicendi,
1480 2122 1694 2165 invocato
1711 2121 1880 2165 auxilio
1895 2120 2068 2164 brachii

371 2186 622 2229 saecularis.
660 2188 772 2231 Cum
807 2189 1099 2246 derogatione
1133 2191 1359 2235 dietarum
1389 2207 1481 2235 non
1508 2197 1665 2236 tamen
1687 2193 1827 2235 trium
1847 2192 2067 2235 latissime

373 2257 656 2300 extendendo
687 2265 732 2301 et
764 2274 881 2316 quae
929 2262 1279 2317 praemissorum
1309 2264 1514 2306 omnium
1542 2269 1586 2306 et
1617 2264 1895 2320 singulorum
1926 2263 2066 2305 etiam

371 2326 724 2379 invocationum,
739 2330 1177 2383 denominationum,
1195 2348 1491 2384 annexorum,
1509 2335 1802 2391 qualitatum,
1816 2334 2062 2382 fructuum,
2077 2352 2115 2380 30

371 2397 790 2452 dependentiarum,
835 2403 1150 2454 situationum,
1198 2410 1471 2460 temporum,
1505 2406 1720 2455 locorum,
1754 2418 2062 2462 personarum,

372 2469 612 2512 confinium
658 2477 702 2514 et
744 2473 934 2516 aliarum
994 2475 1441 2518 circumstantiarum
1487 2476 1626 2519 etiam
1670 2475 2065 2532 aggravandarum

372 2537 649 2596 aliarumque
679 2543 822 2586 maior
859 2549 904 2586 et
936 2545 1083 2588 verior
1114 2546 1390 2602 specificatio
1425 2552 1470 2589 et
1505 2547 1728 2603 expositio
1761 2546 1857 2589 fieri
1889 2546 2064 2602 possint

373 2607 417 2648 in
448 2609 586 2652 literis
619 2612 751 2655 simul
784 2615 857 2657 vel
889 2615 949 2657 ad
981 2621 1160 2671 partem
1189 2617 1517 2672 expediendis.3
1828 2617 1932 2659 Fiat
1951 2617 2002 2659 V.

499 2680 671 2724 Datum
719 2685 894 2728 Romae
941 2687 1064 2743 apud
1106 2687 1326 2730 Sanctum
1360 2689 1578 2738 Marcum,
1614 2687 1819 2731 kalendis
1852 2686 2059 2743 Augusti.
2075 2706 2114 2734 35

373 2748 505 2790 Anno
547 2751 826 2798 duodecimo.

762 2844 955 2888 (Eredeti,
981 2857 1005 2881 a
1033 2847 1330 2892 Jezsuita-rend
1356 2847 1661 2892 leveltaraban.)

499 2930 513 2950 2
539 2930 595 2964 Az
621 2933 673 2967 itt
697 2935 921 2973 kovetkezo
946 2940 1017 2974 ket
1041 2941 1177 2985 sornyi
1202 2940 1280 2975 iras
1309 2951 1390 2986 ugy
1414 2940 1464 2975 be
1500 2951 1582 2975 van
1617 2951 1765 2975 varrva
1799 2950 1824 2974 a
1855 2940 2059 2986 konyvbe,

374 2976 521 3031 hogy'e
547 2979 666 3014 miatt
689 2993 779 3017 nem
804 2986 947 3021 latszik
971 2998 989 3022 s
1013 2988 1081 3034 igy
1106 2999 1130 3022 a
1154 2988 1325 3034 hianyzo
1356 2988 1460 3022 reszt
1485 2999 1509 3022 a
1533 2989 1694 3023 szokott
1718 2988 1891 3023 formula
1914 2988 2061 3022 szerint

374 3023 629 3069 [zaroJelbcn]
657 3029 852 3075 potoljuk.
2071 3047 2110 3075 ,ω

398 3117 404 3124 ¹
499 3071 513 3092 ³
541 3071 617 3124 Ezt
643 3086 666 3108 a
690 3077 903 3115 zaradekot
929 3083 1038 3117 azert
1063 3083 1251 3128 kozoljsik
1276 3082 1502 3124 szoszerint,
1529 3083 1651 3117 mivel
1675 3093 1722 3117 az
1746 3082 1878 3118 elobbi
1902 3083 2058 3117 okleve-

378 3116 469 3151 leto]
494 3119 661 3166 nemileg
685 3125 792 3160 elter.

2142 259 2167 353 ws
