<?xml version="1.0" encoding="UTF-8"?>
<!DOCTYPE html PUBLIC "-//W3C//DTD XHTML 1.0 Transitional//EN"
    "http://www.w3.org/TR/xhtml1/DTD/xhtml1-transitional.dtd">
<html xmlns="http://www.w3.org/1999/xhtml" xml:lang="en" lang="en">
 <head>
  <title>
</title>
<meta http-equiv="Content-Type" content="text/html;charset=utf-8" />
  <meta name='ocr-system' content='tesseract 3.04.00' />
  <meta name='ocr-capabilities' content='ocr_page ocr_carea ocr_par ocr_line ocrx_word'/>
</head>
<body>
  <div class='ocr_page' id='page_1' title='image "./epistolaeetactaj01vereuoft_0269.png"; bbox 0 0 2188 3535; ppageno 0'>
   <div class='ocr_carea' id='block_1_1' title="bbox 122 187 1807 232">
    <p class='ocr_par' dir='ltr' id='par_1_1' title="bbox 122 187 1807 232">
     <span class='ocr_line' id='line_1_1' title="bbox 122 187 1807 232; baseline -0.001 -9"><span class='ocrx_word' id='word_1_1' title='bbox 122 190 215 230; x_wconf 82' lang='lat'><strong>1582</strong></span> <span class='ocrx_word' id='word_1_2' title='bbox 248 187 345 221; x_wconf 76' lang='lat' dir='ltr'><strong>febr.</strong></span> <span class='ocrx_word' id='word_1_3' title='bbox 383 188 420 231; x_wconf 89' lang='lat'><strong>5]</strong></span> <span class='ocrx_word' id='word_1_4' title='bbox 888 187 964 222; x_wconf 69' lang='lat' dir='ltr'><strong>No.</strong></span> <span class='ocrx_word' id='word_1_5' title='bbox 991 198 1033 232; x_wconf 91' lang='lat'><strong>71</strong></span> <span class='ocrx_word' id='word_1_6' title='bbox 1737 197 1807 232; x_wconf 73' lang='lat'><strong>215</strong></span> 
     </span>
    </p>
   </div>
   <div class='ocr_carea' id='block_1_2' title="bbox 65 303 1813 3194">
    <p class='ocr_par' dir='ltr' id='par_1_2' title="bbox 65 303 1813 3194">
     <span class='ocr_line' id='line_1_2' title="bbox 119 303 1804 362; baseline -0.001 -14"><span class='ocrx_word' id='word_1_7' title='bbox 119 305 307 348; x_wconf 90' lang='lat' dir='ltr'><strong>aliorum</strong></span> <span class='ocrx_word' id='word_1_8' title='bbox 338 303 638 360; x_wconf 88' lang='lat' dir='ltr'><strong>collegiorum,</strong></span> <span class='ocrx_word' id='word_1_9' title='bbox 673 304 1027 355; x_wconf 87' lang='lat' dir='ltr'><strong>seminariorum,</strong></span> <span class='ocrx_word' id='word_1_10' title='bbox 1062 319 1178 362; x_wconf 91' lang='lat' dir='ltr'><strong>quae</strong></span> <span class='ocrx_word' id='word_1_11' title='bbox 1214 319 1295 348; x_wconf 91' lang='lat' dir='ltr'><strong>nos</strong></span> <span class='ocrx_word' id='word_1_12' title='bbox 1331 305 1423 348; x_wconf 88' lang='lat' dir='ltr'><strong>iam</strong></span> <span class='ocrx_word' id='word_1_13' title='bbox 1459 304 1506 347; x_wconf 93' lang='lat' dir='ltr'><strong>in</strong></span> <span class='ocrx_word' id='word_1_14' title='bbox 1542 305 1804 354; x_wconf 89' lang='lat' dir='ltr'><strong>Bohemiae,</strong></span> 
     </span>
     <span class='ocr_line' id='line_1_3' title="bbox 119 375 1809 431; baseline -0.001 -12"><span class='ocrx_word' id='word_1_15' title='bbox 119 375 329 419; x_wconf 90' lang='lat' dir='ltr'><strong>Poloniae</strong></span> <span class='ocrx_word' id='word_1_16' title='bbox 358 380 403 418; x_wconf 93' lang='lat' dir='ltr'><strong>et</strong></span> <span class='ocrx_word' id='word_1_17' title='bbox 433 375 703 418; x_wconf 79' lang='lat' dir='ltr'>Germaniae</span> <span class='ocrx_word' id='word_1_18' title='bbox 733 375 988 431; x_wconf 85' lang='lat' dir='ltr'><strong>regionibus</strong></span> <span class='ocrx_word' id='word_1_19' title='bbox 1016 376 1297 419; x_wconf 88' lang='lat' dir='ltr'><strong>instituenda</strong></span> <span class='ocrx_word' id='word_1_20' title='bbox 1325 375 1583 419; x_wconf 81' lang='lat' dir='ltr'><strong>curavimus</strong></span> <span class='ocrx_word' id='word_1_21' title='bbox 1612 376 1809 418; x_wconf 88' lang='lat' dir='ltr'><strong>auctori-</strong></span> 
     </span>
     <span class='ocr_line' id='line_1_4' title="bbox 118 446 1806 503; baseline 0 -15"><span class='ocrx_word' id='word_1_22' title='bbox 118 451 215 489; x_wconf 88' lang='lat' dir='ltr'><strong>tate</strong></span> <span class='ocrx_word' id='word_1_23' title='bbox 231 446 478 502; x_wconf 89' lang='lat' dir='ltr'><strong>apostolica</strong></span> <span class='ocrx_word' id='word_1_24' title='bbox 493 450 649 489; x_wconf 88' lang='lat' dir='ltr'><strong>tenore</strong></span> <span class='ocrx_word' id='word_1_25' title='bbox 665 447 972 502; x_wconf 88' lang='lat' dir='ltr'><strong>praesentium</strong></span> <span class='ocrx_word' id='word_1_26' title='bbox 987 451 1205 503; x_wconf 90' lang='lat' dir='ltr'><strong>perpetuo</strong></span> <span class='ocrx_word' id='word_1_27' title='bbox 1222 447 1432 503; x_wconf 82' lang='lat' dir='ltr'>erigimus</span> <span class='ocrx_word' id='word_1_28' title='bbox 1447 451 1492 489; x_wconf 93' lang='lat' dir='ltr'><strong>et</strong></span> <span class='ocrx_word' id='word_1_29' title='bbox 1507 446 1806 496; x_wconf 77' lang='lat' dir='ltr'><strong>instituimus,</strong></span> 
     </span>
     <span class='ocr_line' id='line_1_5' title="bbox 119 516 1808 573; baseline 0.001 -15"><span class='ocrx_word' id='word_1_30' title='bbox 119 531 170 559; x_wconf 91' lang='lat' dir='ltr'><strong>ac</strong></span> <span class='ocrx_word' id='word_1_31' title='bbox 191 516 302 560; x_wconf 92' lang='lat' dir='ltr'><strong>illud</strong></span> <span class='ocrx_word' id='word_1_32' title='bbox 321 517 384 559; x_wconf 92' lang='lat' dir='ltr'><strong>sic</strong></span> <span class='ocrx_word' id='word_1_33' title='bbox 405 522 607 560; x_wconf 89' lang='lat' dir='ltr'><strong>erectum</strong></span> <span class='ocrx_word' id='word_1_34' title='bbox 628 522 673 560; x_wconf 93' lang='lat' dir='ltr'><strong>et</strong></span> <span class='ocrx_word' id='word_1_35' title='bbox 694 517 959 560; x_wconf 89' lang='lat' dir='ltr'><strong>institutum</strong></span> <span class='ocrx_word' id='word_1_36' title='bbox 980 532 1112 560; x_wconf 90' lang='lat' dir='ltr'><strong>curae</strong></span> <span class='ocrx_word' id='word_1_37' title='bbox 1132 517 1336 573; x_wconf 88' lang='lat' dir='ltr'><strong>regimini</strong></span> <span class='ocrx_word' id='word_1_38' title='bbox 1357 522 1402 561; x_wconf 92' lang='lat' dir='ltr'><strong>et</strong></span> <span class='ocrx_word' id='word_1_39' title='bbox 1424 517 1808 560; x_wconf 80' lang='lat' dir='ltr'><strong>administrationi</strong></span> 
     </span>
     <span class='ocr_line' id='line_1_6' title="bbox 71 587 1808 644; baseline 0.001 -15"><span class='ocrx_word' id='word_1_40' title='bbox 71 598 88 625; x_wconf 88' lang='lat'><strong>5</strong></span> <span class='ocrx_word' id='word_1_41' title='bbox 118 602 198 644; x_wconf 91' lang='lat' dir='ltr'><strong>pro</strong></span> <span class='ocrx_word' id='word_1_42' title='bbox 220 592 423 644; x_wconf 91' lang='lat' dir='ltr'><strong>tempore</strong></span> <span class='ocrx_word' id='word_1_43' title='bbox 455 587 691 630; x_wconf 88' lang='lat' dir='ltr'><strong>existentis</strong></span> <span class='ocrx_word' id='word_1_44' title='bbox 724 587 907 630; x_wconf 92' lang='lat' dir='ltr'><strong>rectoris</strong></span> <span class='ocrx_word' id='word_1_45' title='bbox 944 588 1114 644; x_wconf 92' lang='lat' dir='ltr'><strong>collegii</strong></span> <span class='ocrx_word' id='word_1_46' title='bbox 1150 588 1350 631; x_wconf 90' lang='lat' dir='ltr'><strong>eiusdem</strong></span> <span class='ocrx_word' id='word_1_47' title='bbox 1386 588 1624 631; x_wconf 84' lang='lat' dir='ltr'><strong>Societatis</strong></span> <span class='ocrx_word' id='word_1_48' title='bbox 1660 588 1808 631; x_wconf 86' lang='lat' dir='ltr'><strong>Colos-</strong></span> 
     </span>
     <span class='ocr_line' id='line_1_7' title="bbox 118 658 1810 715; baseline 0 -14"><span class='ocrx_word' id='word_1_49' title='bbox 118 658 333 701; x_wconf 89' lang='lat' dir='ltr'><strong>variensis</strong></span> <span class='ocrx_word' id='word_1_50' title='bbox 363 673 442 715; x_wconf 92' lang='lat' dir='ltr'><strong>per</strong></span> <span class='ocrx_word' id='word_1_51' title='bbox 473 673 577 701; x_wconf 91' lang='lat' dir='ltr'><strong>eum</strong></span> <span class='ocrx_word' id='word_1_52' title='bbox 607 673 686 701; x_wconf 90' lang='lat' dir='ltr'><strong>seu</strong></span> <span class='ocrx_word' id='word_1_53' title='bbox 720 658 827 708; x_wconf 89' lang='lat' dir='ltr'><strong>eius,</strong></span> <span class='ocrx_word' id='word_1_54' title='bbox 861 673 916 701; x_wconf 90' lang='lat' dir='ltr'><strong>ex</strong></span> <span class='ocrx_word' id='word_1_55' title='bbox 946 659 1045 714; x_wconf 89' lang='lat' dir='ltr'><strong>ipsa</strong></span> <span class='ocrx_word' id='word_1_56' title='bbox 1073 659 1310 710; x_wconf 83' lang='lat' dir='ltr'><strong>Societate,</strong></span> <span class='ocrx_word' id='word_1_57' title='bbox 1344 674 1480 715; x_wconf 92' lang='lat' dir='ltr'><strong>quem</strong></span> <span class='ocrx_word' id='word_1_58' title='bbox 1510 659 1631 702; x_wconf 92' lang='lat' dir='ltr'><strong>idem</strong></span> <span class='ocrx_word' id='word_1_59' title='bbox 1661 664 1810 701; x_wconf 90' lang='lat' dir='ltr'><strong>rector</strong></span> 
     </span>
     <span class='ocr_line' id='line_1_8' title="bbox 118 729 1809 786; baseline 0 -15"><span class='ocrx_word' id='word_1_60' title='bbox 118 729 341 772; x_wconf 79' lang='lat' dir='ltr'><strong>suffecerit</strong></span> <span class='ocrx_word' id='word_1_61' title='bbox 370 729 602 779; x_wconf 79' lang='lat' dir='ltr'><strong>obeundis,</strong></span> <span class='ocrx_word' id='word_1_62' title='bbox 638 734 736 772; x_wconf 91' lang='lat' dir='ltr'><strong>tam</strong></span> <span class='ocrx_word' id='word_1_63' title='bbox 766 729 883 772; x_wconf 89' lang='lat' dir='ltr'><strong>circa</strong></span> <span class='ocrx_word' id='word_1_64' title='bbox 923 729 1180 773; x_wconf 89' lang='lat' dir='ltr'><strong>huiusmodi</strong></span> <span class='ocrx_word' id='word_1_65' title='bbox 1221 730 1420 786; x_wconf 90' lang='lat' dir='ltr'><strong>regimen</strong></span> <span class='ocrx_word' id='word_1_66' title='bbox 1448 735 1492 772; x_wconf 93' lang='lat' dir='ltr'><strong>et</strong></span> <span class='ocrx_word' id='word_1_67' title='bbox 1522 729 1809 772; x_wconf 89' lang='lat' dir='ltr'><strong>administra-</strong></span> 
     </span>
     <span class='ocr_line' id='line_1_9' title="bbox 117 799 1810 857; baseline 0.001 -16"><span class='ocrx_word' id='word_1_68' title='bbox 117 799 301 850; x_wconf 88' lang='lat' dir='ltr'><strong>tionem,</strong></span> <span class='ocrx_word' id='word_1_69' title='bbox 327 815 467 856; x_wconf 91' lang='lat' dir='ltr'><strong>quam</strong></span> <span class='ocrx_word' id='word_1_70' title='bbox 489 800 629 843; x_wconf 89' lang='lat' dir='ltr'><strong>etiam</strong></span> <span class='ocrx_word' id='word_1_71' title='bbox 651 800 976 843; x_wconf 83' lang='lat' dir='ltr'><strong>correctionem</strong></span> <span class='ocrx_word' id='word_1_72' title='bbox 999 800 1269 843; x_wconf 87' lang='lat' dir='ltr'><strong>scholarium</strong></span> <span class='ocrx_word' id='word_1_73' title='bbox 1292 815 1371 857; x_wconf 92' lang='lat' dir='ltr'><strong>per</strong></span> <span class='ocrx_word' id='word_1_74' title='bbox 1392 805 1650 857; x_wconf 82' lang='lat' dir='ltr'><strong>praesentes</strong></span> <span class='ocrx_word' id='word_1_75' title='bbox 1672 800 1810 843; x_wconf 90' lang='lat' dir='ltr'><strong>erecti</strong></span> 
     </span>
     <span class='ocr_line' id='line_1_10' title="bbox 117 871 1810 928; baseline 0.001 -16"><span class='ocrx_word' id='word_1_76' title='bbox 117 871 287 927; x_wconf 86' lang='lat' dir='ltr'><strong>collegii</strong></span> <span class='ocrx_word' id='word_1_77' title='bbox 317 871 524 928; x_wconf 88' lang='lat' dir='ltr'><strong>illiusque</strong></span> <span class='ocrx_word' id='word_1_78' title='bbox 555 872 781 914; x_wconf 91' lang='lat' dir='ltr'><strong>bonorum</strong></span> <span class='ocrx_word' id='word_1_79' title='bbox 813 871 1254 914; x_wconf 86' lang='lat' dir='ltr'><strong>administrationem</strong></span> <span class='ocrx_word' id='word_1_80' title='bbox 1285 876 1330 914; x_wconf 91' lang='lat' dir='ltr'><strong>et</strong></span> <span class='ocrx_word' id='word_1_81' title='bbox 1362 872 1649 915; x_wconf 80' lang='lat' dir='ltr'><strong>alumnorum</strong></span> <span class='ocrx_word' id='word_1_82' title='bbox 1679 871 1726 913; x_wconf 88' lang='lat' dir='ltr'><strong>in</strong></span> <span class='ocrx_word' id='word_1_83' title='bbox 1757 885 1810 914; x_wconf 89' lang='lat' dir='ltr'><strong>eo</strong></span> 
     </span>
     <span class='ocr_line' id='line_1_11' title="bbox 70 941 1808 998; baseline 0.001 -17"><span class='ocrx_word' id='word_1_84' title='bbox 70 954 104 981; x_wconf 89' lang='lat'><strong>10</strong></span> <span class='ocrx_word' id='word_1_85' title='bbox 117 955 197 997; x_wconf 93' lang='lat' dir='ltr'><strong>pro</strong></span> <span class='ocrx_word' id='word_1_86' title='bbox 233 947 437 998; x_wconf 90' lang='lat' dir='ltr'><strong>tempore</strong></span> <span class='ocrx_word' id='word_1_87' title='bbox 471 942 832 998; x_wconf 89' lang='lat' dir='ltr'><strong>recipiendorum</strong></span> <span class='ocrx_word' id='word_1_88' title='bbox 868 942 1187 985; x_wconf 90' lang='lat' dir='ltr'><strong>admissionem</strong></span> <span class='ocrx_word' id='word_1_89' title='bbox 1223 946 1268 985; x_wconf 90' lang='lat' dir='ltr'><strong>et</strong></span> <span class='ocrx_word' id='word_1_90' title='bbox 1305 941 1624 994; x_wconf 84' lang='lat' dir='ltr'><strong>dimissionem,</strong></span> <span class='ocrx_word' id='word_1_91' title='bbox 1663 946 1808 984; x_wconf 89' lang='lat' dir='ltr'><strong>statu—</strong></span> 
     </span>
     <span class='ocr_line' id='line_1_12' title="bbox 116 1012 1808 1069; baseline 0.001 -15"><span class='ocrx_word' id='word_1_92' title='bbox 116 1017 358 1069; x_wconf 89' lang='lat' dir='ltr'><strong>torumque</strong></span> <span class='ocrx_word' id='word_1_93' title='bbox 395 1013 761 1056; x_wconf 89' lang='lat' dir='ltr'><strong>observationem</strong></span> <span class='ocrx_word' id='word_1_94' title='bbox 797 1017 1016 1069; x_wconf 88' lang='lat' dir='ltr'><strong>perpetuo</strong></span> <span class='ocrx_word' id='word_1_95' title='bbox 1053 1012 1314 1055; x_wconf 90' lang='lat' dir='ltr'><strong>subiicimus</strong></span> <span class='ocrx_word' id='word_1_96' title='bbox 1351 1027 1402 1055; x_wconf 92' lang='lat' dir='ltr'><strong>ac</strong></span> <span class='ocrx_word' id='word_1_97' title='bbox 1440 1012 1585 1055; x_wconf 90' lang='lat' dir='ltr'><strong>eidem</strong></span> <span class='ocrx_word' id='word_1_98' title='bbox 1622 1012 1808 1068; x_wconf 89' lang='lat' dir='ltr'><strong>collegio</strong></span> 
     </span>
     <span class='ocr_line' id='line_1_13' title="bbox 116 1083 1807 1140; baseline -0.001 -14"><span class='ocrx_word' id='word_1_99' title='bbox 116 1097 195 1139; x_wconf 92' lang='lat' dir='ltr'><strong>per</strong></span> <span class='ocrx_word' id='word_1_100' title='bbox 225 1089 482 1140; x_wconf 86' lang='lat' dir='ltr'><strong>praesentes</strong></span> <span class='ocrx_word' id='word_1_101' title='bbox 513 1088 674 1133; x_wconf 90' lang='lat' dir='ltr'><strong>erecto,</strong></span> <span class='ocrx_word' id='word_1_102' title='bbox 711 1084 895 1140; x_wconf 90' lang='lat' dir='ltr'><strong>eiusque</strong></span> <span class='ocrx_word' id='word_1_103' title='bbox 925 1084 1087 1126; x_wconf 84' lang='lat' dir='ltr'><strong>rectori</strong></span> <span class='ocrx_word' id='word_1_104' title='bbox 1118 1088 1163 1126; x_wconf 93' lang='lat' dir='ltr'><strong>et</strong></span> <span class='ocrx_word' id='word_1_105' title='bbox 1194 1083 1388 1126; x_wconf 83' lang='lat' dir='ltr'><strong>alumnis</strong></span> <span class='ocrx_word' id='word_1_106' title='bbox 1419 1083 1719 1132; x_wconf 87' lang='lat' dir='ltr'><strong>concedimus,</strong></span> <span class='ocrx_word' id='word_1_107' title='bbox 1754 1088 1807 1124; x_wconf 92' lang='lat' dir='ltr'><strong>ut</strong></span> 
     </span>
     <span class='ocr_line' id='line_1_14' title="bbox 117 1153 1805 1211; baseline -0.001 -15"><span class='ocrx_word' id='word_1_108' title='bbox 117 1155 326 1197; x_wconf 80' lang='lat' dir='ltr'><strong>omnibus</strong></span> <span class='ocrx_word' id='word_1_109' title='bbox 348 1160 393 1197; x_wconf 93' lang='lat' dir='ltr'><strong>et</strong></span> <span class='ocrx_word' id='word_1_110' title='bbox 416 1155 762 1211; x_wconf 82' lang='lat' dir='ltr'><strong>quibuscunque</strong></span> <span class='ocrx_word' id='word_1_111' title='bbox 784 1154 1038 1210; x_wconf 59' lang='lat' dir='ltr'><strong>privilegiis</strong></span> <span class='ocrx_word' id='word_1_112' title='bbox 1064 1153 1440 1210; x_wconf 85' lang='lat' dir='ltr'><strong>exemptionibus,</strong></span> <span class='ocrx_word' id='word_1_113' title='bbox 1465 1153 1805 1209; x_wconf 84' lang='lat' dir='ltr'><strong>praerogativis,</strong></span> 
     </span>
     <span class='ocr_line' id='line_1_15' title="bbox 116 1224 1808 1281; baseline -0.001 -15"><span class='ocrx_word' id='word_1_114' title='bbox 116 1224 424 1275; x_wconf 77' lang='lat' dir='ltr'><strong>facultatibus,</strong></span> <span class='ocrx_word' id='word_1_115' title='bbox 457 1225 689 1268; x_wconf 78' lang='lat' dir='ltr'><strong>favoribus</strong></span> <span class='ocrx_word' id='word_1_116' title='bbox 722 1230 767 1268; x_wconf 93' lang='lat' dir='ltr'><strong>et</strong></span> <span class='ocrx_word' id='word_1_117' title='bbox 797 1225 953 1281; x_wconf 88' lang='lat' dir='ltr'><strong>gratiis</strong></span> <span class='ocrx_word' id='word_1_118' title='bbox 982 1225 1079 1268; x_wconf 89' lang='lat' dir='ltr'><strong>aliis</strong></span> <span class='ocrx_word' id='word_1_119' title='bbox 1107 1225 1367 1267; x_wconf 90' lang='lat' dir='ltr'><strong>huiusmodi</strong></span> <span class='ocrx_word' id='word_1_120' title='bbox 1396 1224 1589 1280; x_wconf 84' lang='lat' dir='ltr'><strong>collegiis</strong></span> <span class='ocrx_word' id='word_1_121' title='bbox 1618 1238 1697 1280; x_wconf 89' lang='lat' dir='ltr'><strong>per</strong></span> <span class='ocrx_word' id='word_1_122' title='bbox 1727 1239 1808 1266; x_wconf 93' lang='lat' dir='ltr'><strong>nos</strong></span> 
     </span>
     <span class='ocr_line' id='line_1_16' title="bbox 69 1295 1804 1352; baseline 0.002 -18"><span class='ocrx_word' id='word_1_123' title='bbox 69 1307 102 1334; x_wconf 76' lang='lat'><strong>15</strong></span> <span class='ocrx_word' id='word_1_124' title='bbox 116 1296 274 1339; x_wconf 91' lang='lat' dir='ltr'><strong>erectis</strong></span> <span class='ocrx_word' id='word_1_125' title='bbox 301 1296 533 1346; x_wconf 91' lang='lat' dir='ltr'><strong>concessis,</strong></span> <span class='ocrx_word' id='word_1_126' title='bbox 563 1296 818 1352; x_wconf 89' lang='lat' dir='ltr'><strong>quibusque</strong></span> <span class='ocrx_word' id='word_1_127' title='bbox 845 1296 922 1338; x_wconf 87' lang='lat' dir='ltr'><strong>illa</strong></span> <span class='ocrx_word' id='word_1_128' title='bbox 948 1301 1155 1345; x_wconf 88' lang='lat' dir='ltr'><strong>utuntur,</strong></span> <span class='ocrx_word' id='word_1_129' title='bbox 1185 1295 1424 1352; x_wconf 89' lang='lat' dir='ltr'><strong>potiuntur</strong></span> <span class='ocrx_word' id='word_1_130' title='bbox 1450 1300 1495 1337; x_wconf 94' lang='lat' dir='ltr'><strong>et</strong></span> <span class='ocrx_word' id='word_1_131' title='bbox 1523 1295 1723 1351; x_wconf 83' lang='lat' dir='ltr'><strong>gaudent</strong></span> <span class='ocrx_word' id='word_1_132' title='bbox 1752 1309 1804 1337; x_wconf 91' lang='lat' dir='ltr'><strong>ac</strong></span> 
     </span>
     <span class='ocr_line' id='line_1_17' title="bbox 114 1365 1806 1424; baseline -0.001 -16"><span class='ocrx_word' id='word_1_133' title='bbox 114 1367 196 1416; x_wconf 92' lang='lat' dir='ltr'><strong>uti,</strong></span> <span class='ocrx_word' id='word_1_134' title='bbox 226 1367 362 1423; x_wconf 90' lang='lat' dir='ltr'><strong>potiri</strong></span> <span class='ocrx_word' id='word_1_135' title='bbox 389 1372 434 1410; x_wconf 90' lang='lat' dir='ltr'><strong>et</strong></span> <span class='ocrx_word' id='word_1_136' title='bbox 462 1367 655 1423; x_wconf 89' lang='lat' dir='ltr'><strong>gaudere</strong></span> <span class='ocrx_word' id='word_1_137' title='bbox 685 1371 914 1422; x_wconf 88' lang='lat' dir='ltr'><strong>poterunt,</strong></span> <span class='ocrx_word' id='word_1_138' title='bbox 946 1367 1286 1424; x_wconf 90' lang='lat' dir='ltr'><strong>quomodolibet</strong></span> <span class='ocrx_word' id='word_1_139' title='bbox 1313 1367 1360 1409; x_wconf 92' lang='lat' dir='ltr'><strong>in</strong></span> <span class='ocrx_word' id='word_1_140' title='bbox 1386 1366 1594 1409; x_wconf 77' lang='lat' dir='ltr'><strong>futurum</strong></span> <span class='ocrx_word' id='word_1_141' title='bbox 1621 1365 1806 1408; x_wconf 89' lang='lat' dir='ltr'><strong>omnino</strong></span> 
     </span>
     <span class='ocr_line' id='line_1_18' title="bbox 114 1436 1806 1494; baseline -0.001 -15"><span class='ocrx_word' id='word_1_142' title='bbox 114 1439 196 1487; x_wconf 91' lang='lat' dir='ltr'><strong>uti,</strong></span> <span class='ocrx_word' id='word_1_143' title='bbox 227 1438 362 1494; x_wconf 88' lang='lat' dir='ltr'><strong>potiri</strong></span> <span class='ocrx_word' id='word_1_144' title='bbox 390 1443 435 1481; x_wconf 91' lang='lat' dir='ltr'><strong>et</strong></span> <span class='ocrx_word' id='word_1_145' title='bbox 461 1438 656 1494; x_wconf 90' lang='lat' dir='ltr'><strong>gaudere</strong></span> <span class='ocrx_word' id='word_1_146' title='bbox 685 1437 822 1480; x_wconf 92' lang='lat' dir='ltr'><strong>libere</strong></span> <span class='ocrx_word' id='word_1_147' title='bbox 844 1441 888 1480; x_wconf 90' lang='lat' dir='ltr'><strong>et</strong></span> <span class='ocrx_word' id='word_1_148' title='bbox 910 1437 1031 1481; x_wconf 89' lang='lat' dir='ltr'><strong>licite</strong></span> <span class='ocrx_word' id='word_1_149' title='bbox 1058 1438 1255 1487; x_wconf 87' lang='lat' dir='ltr'><strong>valeant,</strong></span> <span class='ocrx_word' id='word_1_150' title='bbox 1298 1452 1350 1481; x_wconf 91' lang='lat' dir='ltr'><strong>ac</strong></span> <span class='ocrx_word' id='word_1_151' title='bbox 1377 1437 1414 1480; x_wconf 92' lang='lat' dir='ltr'><strong>si</strong></span> <span class='ocrx_word' id='word_1_152' title='bbox 1440 1437 1526 1480; x_wconf 86' lang='lat' dir='ltr'><strong>illis</strong></span> <span class='ocrx_word' id='word_1_153' title='bbox 1553 1436 1806 1493; x_wconf 86' lang='lat' dir='ltr'><strong>specialiter</strong></span> 
     </span>
     <span class='ocr_line' id='line_1_19' title="bbox 115 1508 1803 1565; baseline 0 -16"><span class='ocrx_word' id='word_1_154' title='bbox 115 1522 324 1551; x_wconf 89' lang='lat' dir='ltr'><strong>concessa</strong></span> <span class='ocrx_word' id='word_1_155' title='bbox 351 1508 553 1551; x_wconf 82' lang='lat' dir='ltr'><strong>fuissent.</strong></span> <span class='ocrx_word' id='word_1_156' title='bbox 586 1509 778 1564; x_wconf 87' lang='lat' dir='ltr'><strong>Insuper</strong></span> <span class='ocrx_word' id='word_1_157' title='bbox 803 1508 888 1564; x_wconf 91' lang='lat' dir='ltr'><strong>ipsi</strong></span> <span class='ocrx_word' id='word_1_158' title='bbox 917 1509 1100 1565; x_wconf 90' lang='lat' dir='ltr'><strong>collegio</strong></span> <span class='ocrx_word' id='word_1_159' title='bbox 1128 1523 1207 1565; x_wconf 90' lang='lat' dir='ltr'><strong>per</strong></span> <span class='ocrx_word' id='word_1_160' title='bbox 1234 1512 1492 1565; x_wconf 89' lang='lat' dir='ltr'><strong>praesentes</strong></span> <span class='ocrx_word' id='word_1_161' title='bbox 1519 1512 1668 1551; x_wconf 89' lang='lat' dir='ltr'><strong>erecto</strong></span> <span class='ocrx_word' id='word_1_162' title='bbox 1696 1522 1803 1563; x_wconf 90' lang='lat' dir='ltr'><strong>pen-</strong></span> 
     </span>
     <span class='ocr_line' id='line_1_20' title="bbox 113 1578 1805 1636; baseline 0.001 -16"><span class='ocrx_word' id='word_1_163' title='bbox 113 1578 284 1622; x_wconf 87' lang='lat' dir='ltr'><strong>sionem</strong></span> <span class='ocrx_word' id='word_1_164' title='bbox 309 1594 509 1622; x_wconf 90' lang='lat' dir='ltr'><strong>annuam</strong></span> <span class='ocrx_word' id='word_1_165' title='bbox 533 1580 592 1622; x_wconf 92' lang='lat' dir='ltr'><strong>ab</strong></span> <span class='ocrx_word' id='word_1_166' title='bbox 616 1579 741 1622; x_wconf 90' lang='lat' dir='ltr'><strong>omni</strong></span> <span class='ocrx_word' id='word_1_167' title='bbox 780 1584 824 1621; x_wconf 90' lang='lat' dir='ltr'><strong>et</strong></span> <span class='ocrx_word' id='word_1_168' title='bbox 862 1594 1149 1636; x_wconf 89' lang='lat' dir='ltr'><strong>quocumque</strong></span> <span class='ocrx_word' id='word_1_169' title='bbox 1180 1593 1313 1623; x_wconf 91' lang='lat' dir='ltr'><strong>onere</strong></span> <span class='ocrx_word' id='word_1_170' title='bbox 1337 1578 1562 1622; x_wconf 88' lang='lat' dir='ltr'><strong>ordinario</strong></span> <span class='ocrx_word' id='word_1_171' title='bbox 1586 1583 1632 1621; x_wconf 94' lang='lat' dir='ltr'><strong>et</strong></span> <span class='ocrx_word' id='word_1_172' title='bbox 1656 1583 1805 1621; x_wconf 89' lang='lat' dir='ltr'><strong>extra-</strong></span> 
     </span>
     <span class='ocr_line' id='line_1_21' title="bbox 66 1648 1809 1707; baseline 0.001 -18"><span class='ocrx_word' id='word_1_173' title='bbox 66 1661 101 1690; x_wconf 86' lang='lat'><strong>20</strong></span> <span class='ocrx_word' id='word_1_174' title='bbox 113 1650 350 1700; x_wconf 88' lang='lat' dir='ltr'><strong>ordinario,</strong></span> <span class='ocrx_word' id='word_1_175' title='bbox 382 1650 522 1693; x_wconf 88' lang='lat' dir='ltr'><strong>etiam</strong></span> <span class='ocrx_word' id='word_1_176' title='bbox 553 1665 634 1707; x_wconf 93' lang='lat' dir='ltr'><strong>pro</strong></span> <span class='ocrx_word' id='word_1_177' title='bbox 666 1649 877 1693; x_wconf 87' lang='lat' dir='ltr'><strong>Cruciata</strong></span> <span class='ocrx_word' id='word_1_178' title='bbox 906 1652 1074 1694; x_wconf 83' lang='lat' dir='ltr'><strong>Sancta</strong></span> <span class='ocrx_word' id='word_1_179' title='bbox 1101 1656 1146 1693; x_wconf 91' lang='lat' dir='ltr'><strong>et</strong></span> <span class='ocrx_word' id='word_1_180' title='bbox 1175 1650 1462 1707; x_wconf 85' lang='lat' dir='ltr'><strong>expeditione</strong></span> <span class='ocrx_word' id='word_1_181' title='bbox 1490 1649 1629 1693; x_wconf 90' lang='lat' dir='ltr'><strong>etiam</strong></span> <span class='ocrx_word' id='word_1_182' title='bbox 1658 1648 1809 1692; x_wconf 83' lang='lat' dir='ltr'><strong>defen-</strong></span> 
     </span>
     <span class='ocr_line' id='line_1_22' title="bbox 112 1720 1810 1777; baseline -0.001 -15"><span class='ocrx_word' id='word_1_183' title='bbox 112 1720 210 1764; x_wconf 91' lang='lat' dir='ltr'><strong>siva</strong></span> <span class='ocrx_word' id='word_1_184' title='bbox 238 1725 397 1764; x_wconf 91' lang='lat' dir='ltr'><strong>contra</strong></span> <span class='ocrx_word' id='word_1_185' title='bbox 425 1721 633 1764; x_wconf 90' lang='lat' dir='ltr'><strong>infideles</strong></span> <span class='ocrx_word' id='word_1_186' title='bbox 661 1721 924 1771; x_wconf 87' lang='lat' dir='ltr'><strong>haereticos,</strong></span> <span class='ocrx_word' id='word_1_187' title='bbox 957 1722 1125 1765; x_wconf 91' lang='lat' dir='ltr'><strong>aliosve</strong></span> <span class='ocrx_word' id='word_1_188' title='bbox 1154 1723 1307 1765; x_wconf 90' lang='lat' dir='ltr'><strong>hostes</strong></span> <span class='ocrx_word' id='word_1_189' title='bbox 1335 1736 1414 1764; x_wconf 94' lang='lat' dir='ltr'><strong>seu</strong></span> <span class='ocrx_word' id='word_1_190' title='bbox 1443 1720 1583 1764; x_wconf 92' lang='lat' dir='ltr'><strong>etiam</strong></span> <span class='ocrx_word' id='word_1_191' title='bbox 1612 1735 1692 1777; x_wconf 92' lang='lat' dir='ltr'><strong>pro</strong></span> <span class='ocrx_word' id='word_1_192' title='bbox 1722 1720 1810 1762; x_wconf 90' lang='lat' dir='ltr'><strong>tui-</strong></span> 
     </span>
     <span class='ocr_line' id='line_1_23' title="bbox 112 1791 1812 1848; baseline 0.001 -16"><span class='ocrx_word' id='word_1_193' title='bbox 112 1791 234 1834; x_wconf 87' lang='lat' dir='ltr'><strong>tione</strong></span> <span class='ocrx_word' id='word_1_194' title='bbox 273 1793 391 1835; x_wconf 83' lang='lat' dir='ltr'><strong>sedis</strong></span> <span class='ocrx_word' id='word_1_195' title='bbox 415 1798 460 1835; x_wconf 92' lang='lat' dir='ltr'><strong>et</strong></span> <span class='ocrx_word' id='word_1_196' title='bbox 486 1797 640 1835; x_wconf 91' lang='lat' dir='ltr'><strong>status</strong></span> <span class='ocrx_word' id='word_1_197' title='bbox 665 1792 927 1848; x_wconf 89' lang='lat' dir='ltr'><strong>temporalis</strong></span> <span class='ocrx_word' id='word_1_198' title='bbox 951 1794 1145 1836; x_wconf 85' lang='lat' dir='ltr'><strong>Sanctae</strong></span> <span class='ocrx_word' id='word_1_199' title='bbox 1169 1794 1404 1836; x_wconf 90' lang='lat' dir='ltr'><strong>Romanae</strong></span> <span class='ocrx_word' id='word_1_200' title='bbox 1429 1792 1638 1835; x_wconf 88' lang='lat' dir='ltr'><strong>ecclesiae</strong></span> <span class='ocrx_word' id='word_1_201' title='bbox 1675 1796 1720 1834; x_wconf 90' lang='lat' dir='ltr'><strong>et</strong></span> <span class='ocrx_word' id='word_1_202' title='bbox 1756 1805 1812 1833; x_wconf 85' lang='lat' dir='ltr'><strong>ex</strong></span> 
     </span>
     <span class='ocr_line' id='line_1_24' title="bbox 113 1863 1812 1920; baseline -0.001 -15"><span class='ocrx_word' id='word_1_203' title='bbox 113 1877 398 1920; x_wconf 91' lang='lat' dir='ltr'><strong>quacumque</strong></span> <span class='ocrx_word' id='word_1_204' title='bbox 438 1863 528 1906; x_wconf 88' lang='lat' dir='ltr'><strong>alia</strong></span> <span class='ocrx_word' id='word_1_205' title='bbox 569 1877 708 1906; x_wconf 87' lang='lat' dir='ltr'><strong>causa</strong></span> <span class='ocrx_word' id='word_1_206' title='bbox 746 1863 886 1906; x_wconf 91' lang='lat' dir='ltr'><strong>etiarn</strong></span> <span class='ocrx_word' id='word_1_207' title='bbox 925 1864 1119 1920; x_wconf 85' lang='lat' dir='ltr'><strong>graviori</strong></span> <span class='ocrx_word' id='word_1_208' title='bbox 1157 1869 1202 1906; x_wconf 90' lang='lat' dir='ltr'><strong>et</strong></span> <span class='ocrx_word' id='word_1_209' title='bbox 1241 1863 1559 1920; x_wconf 86' lang='lat' dir='ltr'><strong>urgentissima</strong></span> <span class='ocrx_word' id='word_1_210' title='bbox 1596 1868 1641 1905; x_wconf 90' lang='lat' dir='ltr'><strong>et</strong></span> <span class='ocrx_word' id='word_1_211' title='bbox 1681 1867 1812 1905; x_wconf 92' lang='lat' dir='ltr'><strong>motu</strong></span> 
     </span>
     <span class='ocr_line' id='line_1_25' title="bbox 113 1933 1812 1991; baseline -0.001 -16"><span class='ocrx_word' id='word_1_212' title='bbox 113 1933 246 1976; x_wconf 88' lang='lat' dir='ltr'><strong>simili</strong></span> <span class='ocrx_word' id='word_1_213' title='bbox 273 1949 324 1977; x_wconf 86' lang='lat' dir='ltr'><strong>ac</strong></span> <span class='ocrx_word' id='word_1_214' title='bbox 351 1934 724 1977; x_wconf 88' lang='lat' dir='ltr'><strong>consistorialiter</strong></span> <span class='ocrx_word' id='word_1_215' title='bbox 749 1949 830 1990; x_wconf 90' lang='lat' dir='ltr'><strong>pro</strong></span> <span class='ocrx_word' id='word_1_216' title='bbox 856 1939 1059 1991; x_wconf 90' lang='lat' dir='ltr'><strong>ternpore</strong></span> <span class='ocrx_word' id='word_1_217' title='bbox 1085 1934 1309 1991; x_wconf 89' lang='lat' dir='ltr'><strong>impositis</strong></span> <span class='ocrx_word' id='word_1_218' title='bbox 1333 1934 1534 1984; x_wconf 88' lang='lat' dir='ltr'><strong>liberam,</strong></span> <span class='ocrx_word' id='word_1_219' title='bbox 1562 1933 1812 1976; x_wconf 89' lang='lat' dir='ltr'><strong>immunem</strong></span> 
     </span>
     <span class='ocr_line' id='line_1_26' title="bbox 67 2005 1810 2062; baseline -0.001 -16"><span class='ocrx_word' id='word_1_220' title='bbox 67 2009 157 2047; x_wconf 75' lang='lat' dir='ltr'><strong>25et</strong></span> <span class='ocrx_word' id='word_1_221' title='bbox 189 2010 450 2062; x_wconf 90' lang='lat' dir='ltr'><strong>exemptam</strong></span> <span class='ocrx_word' id='word_1_222' title='bbox 483 2005 603 2048; x_wconf 91' lang='lat' dir='ltr'><strong>mille</strong></span> <span class='ocrx_word' id='word_1_223' title='bbox 635 2010 680 2047; x_wconf 93' lang='lat' dir='ltr'><strong>et</strong></span> <span class='ocrx_word' id='word_1_224' title='bbox 717 2005 1017 2048; x_wconf 88' lang='lat' dir='ltr'><strong>ducentorum</strong></span> <span class='ocrx_word' id='word_1_225' title='bbox 1048 2011 1281 2048; x_wconf 88' lang='lat' dir='ltr'><strong>scutorum</strong></span> <span class='ocrx_word' id='word_1_226' title='bbox 1313 2005 1410 2048; x_wconf 90' lang='lat' dir='ltr'><strong>auri</strong></span> <span class='ocrx_word' id='word_1_227' title='bbox 1440 2005 1486 2047; x_wconf 92' lang='lat' dir='ltr'><strong>in</strong></span> <span class='ocrx_word' id='word_1_228' title='bbox 1518 2019 1641 2054; x_wconf 89' lang='lat' dir='ltr'><strong>auro,</strong></span> <span class='ocrx_word' id='word_1_229' title='bbox 1675 2017 1810 2059; x_wconf 89' lang='lat' dir='ltr'><strong>super</strong></span> 
     </span>
     <span class='ocr_line' id='line_1_27' title="bbox 112 2076 1808 2132; baseline -0.001 -15"><span class='ocrx_word' id='word_1_230' title='bbox 112 2076 321 2118; x_wconf 90' lang='lat' dir='ltr'><strong>omnibus</strong></span> <span class='ocrx_word' id='word_1_231' title='bbox 349 2081 394 2119; x_wconf 91' lang='lat' dir='ltr'><strong>et</strong></span> <span class='ocrx_word' id='word_1_232' title='bbox 424 2076 775 2132; x_wconf 89' lang='lat' dir='ltr'><strong>quibuscunque</strong></span> <span class='ocrx_word' id='word_1_233' title='bbox 805 2076 1005 2131; x_wconf 92' lang='lat' dir='ltr'><strong>pecuniis</strong></span> <span class='ocrx_word' id='word_1_234' title='bbox 1033 2082 1078 2119; x_wconf 93' lang='lat' dir='ltr'><strong>et</strong></span> <span class='ocrx_word' id='word_1_235' title='bbox 1107 2077 1278 2119; x_wconf 89' lang='lat' dir='ltr'><strong>iuribus</strong></span> <span class='ocrx_word' id='word_1_236' title='bbox 1306 2077 1622 2131; x_wconf 91' lang='lat' dir='ltr'><strong>undecumque</strong></span> <span class='ocrx_word' id='word_1_237' title='bbox 1650 2088 1808 2130; x_wconf 91' lang='lat' dir='ltr'><strong>prove-</strong></span> 
     </span>
     <span class='ocr_line' id='line_1_28' title="bbox 111 2144 1810 2203; baseline -0.002 -15"><span class='ocrx_word' id='word_1_238' title='bbox 111 2146 340 2189; x_wconf 91' lang='lat' dir='ltr'><strong>nientibus</strong></span> <span class='ocrx_word' id='word_1_239' title='bbox 365 2152 410 2190; x_wconf 89' lang='lat' dir='ltr'><strong>et</strong></span> <span class='ocrx_word' id='word_1_240' title='bbox 437 2146 731 2203; x_wconf 89' lang='lat' dir='ltr'><strong>proventuris</strong></span> <span class='ocrx_word' id='word_1_241' title='bbox 756 2146 894 2189; x_wconf 78' lang='lat' dir='ltr'><strong>officii</strong></span> <span class='ocrx_word' id='word_1_242' title='bbox 920 2147 1174 2190; x_wconf 85' lang='lat' dir='ltr'><strong>datariatus</strong></span> <span class='ocrx_word' id='word_1_243' title='bbox 1199 2147 1342 2190; x_wconf 91' lang='lat' dir='ltr'><strong>nostri</strong></span> <span class='ocrx_word' id='word_1_244' title='bbox 1367 2152 1412 2189; x_wconf 90' lang='lat' dir='ltr'><strong>et</strong></span> <span class='ocrx_word' id='word_1_245' title='bbox 1440 2145 1635 2189; x_wconf 89' lang='lat' dir='ltr'><strong>Romani</strong></span> <span class='ocrx_word' id='word_1_246' title='bbox 1661 2144 1810 2201; x_wconf 91' lang='lat' dir='ltr'><strong>ponti-</strong></span> 
     </span>
     <span class='ocr_line' id='line_1_29' title="bbox 111 2215 1808 2274; baseline -0.001 -16"><span class='ocrx_word' id='word_1_247' title='bbox 111 2217 205 2260; x_wconf 92' lang='lat' dir='ltr'><strong>ficis</strong></span> <span class='ocrx_word' id='word_1_248' title='bbox 241 2232 322 2274; x_wconf 93' lang='lat' dir='ltr'><strong>pro</strong></span> <span class='ocrx_word' id='word_1_249' title='bbox 359 2223 563 2274; x_wconf 91' lang='lat' dir='ltr'><strong>tempore</strong></span> <span class='ocrx_word' id='word_1_250' title='bbox 602 2217 842 2260; x_wconf 90' lang='lat' dir='ltr'><strong>existentis</strong></span> <span class='ocrx_word' id='word_1_251' title='bbox 859 2232 868 2269; x_wconf 91' lang='lat'>;</span> <span class='ocrx_word' id='word_1_252' title='bbox 908 2232 1041 2274; x_wconf 92' lang='lat' dir='ltr'><strong>super</strong></span> <span class='ocrx_word' id='word_1_253' title='bbox 1078 2218 1242 2274; x_wconf 90' lang='lat' dir='ltr'><strong>quibus</strong></span> <span class='ocrx_word' id='word_1_254' title='bbox 1278 2232 1359 2260; x_wconf 91' lang='lat' dir='ltr'><strong>nos</strong></span> <span class='ocrx_word' id='word_1_255' title='bbox 1396 2216 1570 2272; x_wconf 91' lang='lat' dir='ltr'><strong>pridem</strong></span> <span class='ocrx_word' id='word_1_256' title='bbox 1607 2215 1808 2258; x_wconf 89' lang='lat' dir='ltr'><strong>diversas</strong></span> 
     </span>
     <span class='ocr_line' id='line_1_30' title="bbox 112 2285 1812 2345; baseline -0.002 -14"><span class='ocrx_word' id='word_1_257' title='bbox 112 2287 222 2331; x_wconf 86' lang='lat' dir='ltr'><strong>alias</strong></span> <span class='ocrx_word' id='word_1_258' title='bbox 249 2289 492 2345; x_wconf 89' lang='lat' dir='ltr'><strong>pensiones</strong></span> <span class='ocrx_word' id='word_1_259' title='bbox 523 2302 699 2331; x_wconf 89' lang='lat' dir='ltr'><strong>annuas</strong></span> <span class='ocrx_word' id='word_1_260' title='bbox 727 2288 786 2330; x_wconf 88' lang='lat' dir='ltr'><strong>ad</strong></span> <span class='ocrx_word' id='word_1_261' title='bbox 814 2289 1123 2344; x_wconf 90' lang='lat' dir='ltr'><strong>quantitatem</strong></span> <span class='ocrx_word' id='word_1_262' title='bbox 1151 2293 1326 2344; x_wconf 90' lang='lat' dir='ltr'><strong>septem</strong></span> <span class='ocrx_word' id='word_1_263' title='bbox 1355 2287 1545 2330; x_wconf 90' lang='lat' dir='ltr'><strong>millium</strong></span> <span class='ocrx_word' id='word_1_264' title='bbox 1574 2290 1619 2328; x_wconf 93' lang='lat' dir='ltr'><strong>et</strong></span> <span class='ocrx_word' id='word_1_265' title='bbox 1648 2285 1812 2328; x_wconf 92' lang='lat' dir='ltr'><strong>ducen-</strong></span> 
     </span>
     <span class='ocr_line' id='line_1_31' title="bbox 65 2356 1813 2414; baseline -0.001 -13"><span class='ocrx_word' id='word_1_266' title='bbox 65 2374 100 2401; x_wconf 84' lang='lat'><strong>30</strong></span> <span class='ocrx_word' id='word_1_267' title='bbox 113 2363 279 2410; x_wconf 90' lang='lat' dir='ltr'><strong>torum,</strong></span> <span class='ocrx_word' id='word_1_268' title='bbox 314 2359 504 2402; x_wconf 86' lang='lat' dir='ltr'><strong>diversis</strong></span> <span class='ocrx_word' id='word_1_269' title='bbox 534 2359 632 2402; x_wconf 89' lang='lat' dir='ltr'><strong>aliis</strong></span> <span class='ocrx_word' id='word_1_270' title='bbox 662 2358 858 2414; x_wconf 90' lang='lat' dir='ltr'><strong>collegiis</strong></span> <span class='ocrx_word' id='word_1_271' title='bbox 886 2373 965 2402; x_wconf 87' lang='lat' dir='ltr'><strong>seu</strong></span> <span class='ocrx_word' id='word_1_272' title='bbox 994 2359 1244 2402; x_wconf 86' lang='lat' dir='ltr'><strong>seminariis</strong></span> <span class='ocrx_word' id='word_1_273' title='bbox 1274 2363 1318 2400; x_wconf 90' lang='lat' dir='ltr'><strong>et</strong></span> <span class='ocrx_word' id='word_1_274' title='bbox 1348 2357 1561 2413; x_wconf 89' lang='lat' dir='ltr'><strong>personis,</strong></span> <span class='ocrx_word' id='word_1_275' title='bbox 1593 2371 1644 2399; x_wconf 89' lang='lat' dir='ltr'><strong>ac</strong></span> <span class='ocrx_word' id='word_1_276' title='bbox 1674 2356 1813 2399; x_wconf 89' lang='lat' dir='ltr'><strong>etiam</strong></span> 
     </span>
     <span class='ocr_line' id='line_1_32' title="bbox 109 2426 1810 2473; baseline -0.002 -2"><span class='ocrx_word' id='word_1_277' title='bbox 109 2430 242 2473; x_wconf 88' lang='lat' dir='ltr'><strong>hodie</strong></span> <span class='ocrx_word' id='word_1_278' title='bbox 275 2445 416 2473; x_wconf 92' lang='lat' dir='ltr'><strong>unam</strong></span> <span class='ocrx_word' id='word_1_279' title='bbox 453 2430 593 2472; x_wconf 90' lang='lat' dir='ltr'><strong>aliam</strong></span> <span class='ocrx_word' id='word_1_280' title='bbox 625 2429 815 2472; x_wconf 90' lang='lat' dir='ltr'><strong>aliorum</strong></span> <span class='ocrx_word' id='word_1_281' title='bbox 849 2429 970 2472; x_wconf 90' lang='lat' dir='ltr'><strong>mille</strong></span> <span class='ocrx_word' id='word_1_282' title='bbox 1003 2434 1048 2472; x_wconf 92' lang='lat' dir='ltr'><strong>et</strong></span> <span class='ocrx_word' id='word_1_283' title='bbox 1082 2430 1382 2472; x_wconf 90' lang='lat' dir='ltr'><strong>ducentorum</strong></span> <span class='ocrx_word' id='word_1_284' title='bbox 1415 2432 1647 2470; x_wconf 88' lang='lat' dir='ltr'><strong>scutorum</strong></span> <span class='ocrx_word' id='word_1_285' title='bbox 1680 2426 1810 2469; x_wconf 87' lang='lat' dir='ltr'><strong>alteri</strong></span> 
     </span>
     <span class='ocr_line' id='line_1_33' title="bbox 110 2497 1813 2556; baseline -0.002 -14"><span class='ocrx_word' id='word_1_286' title='bbox 110 2501 372 2544; x_wconf 89' lang='lat' dir='ltr'><strong>huiusmodi</strong></span> <span class='ocrx_word' id='word_1_287' title='bbox 407 2500 591 2556; x_wconf 91' lang='lat' dir='ltr'><strong>collegio</strong></span> <span class='ocrx_word' id='word_1_288' title='bbox 624 2515 704 2556; x_wconf 91' lang='lat' dir='ltr'><strong>pro</strong></span> <span class='ocrx_word' id='word_1_289' title='bbox 733 2500 927 2543; x_wconf 89' lang='lat' dir='ltr'><strong>Rutenis</strong></span> <span class='ocrx_word' id='word_1_290' title='bbox 968 2505 1013 2542; x_wconf 88' lang='lat' dir='ltr'><strong>et</strong></span> <span class='ocrx_word' id='word_1_291' title='bbox 1054 2499 1315 2543; x_wconf 90' lang='lat' dir='ltr'><strong>Moscovitis</strong></span> <span class='ocrx_word' id='word_1_292' title='bbox 1341 2498 1500 2541; x_wconf 90' lang='lat' dir='ltr'><strong>Vilnae</strong></span> <span class='ocrx_word' id='word_1_293' title='bbox 1526 2498 1573 2540; x_wconf 93' lang='lat' dir='ltr'><strong>in</strong></span> <span class='ocrx_word' id='word_1_294' title='bbox 1599 2497 1813 2540; x_wconf 89' lang='lat' dir='ltr'><strong>Lituania</strong></span> 
     </span>
     <span class='ocr_line' id='line_1_34' title="bbox 110 2567 1807 2629; baseline -0.002 -16"><span class='ocrx_word' id='word_1_295' title='bbox 110 2585 138 2613; x_wconf 85' lang='lat' dir='ltr'><strong>a</strong></span> <span class='ocrx_word' id='word_1_296' title='bbox 170 2573 299 2615; x_wconf 89' lang='lat' dir='ltr'><strong>nobis</strong></span> <span class='ocrx_word' id='word_1_297' title='bbox 333 2572 503 2629; x_wconf 89' lang='lat' dir='ltr'><strong>pariter</strong></span> <span class='ocrx_word' id='word_1_298' title='bbox 535 2576 702 2621; x_wconf 88' lang='lat' dir='ltr'><strong>erecto,</strong></span> <span class='ocrx_word' id='word_1_299' title='bbox 739 2575 869 2614; x_wconf 90' lang='lat' dir='ltr'><strong>motu</strong></span> <span class='ocrx_word' id='word_1_300' title='bbox 904 2571 1037 2613; x_wconf 92' lang='lat' dir='ltr'><strong>simili</strong></span> <span class='ocrx_word' id='word_1_301' title='bbox 1071 2584 1365 2619; x_wconf 88' lang='lat' dir='ltr'><strong>reservamus,</strong></span> <span class='ocrx_word' id='word_1_302' title='bbox 1403 2575 1448 2612; x_wconf 90' lang='lat' dir='ltr'><strong>et</strong></span> <span class='ocrx_word' id='word_1_303' title='bbox 1483 2569 1519 2611; x_wconf 92' lang='lat' dir='ltr'><strong>si</strong></span> <span class='ocrx_word' id='word_1_304' title='bbox 1553 2583 1687 2624; x_wconf 91' lang='lat' dir='ltr'><strong>super</strong></span> <span class='ocrx_word' id='word_1_305' title='bbox 1719 2567 1807 2610; x_wconf 91' lang='lat' dir='ltr'><strong>illis</strong></span> 
     </span>
     <span class='ocr_line' id='line_1_35' title="bbox 110 2639 1807 2699; baseline -0.004 -13"><span class='ocrx_word' id='word_1_306' title='bbox 110 2642 222 2686; x_wconf 87' lang='lat' dir='ltr'><strong>aliae</strong></span> <span class='ocrx_word' id='word_1_307' title='bbox 253 2643 488 2699; x_wconf 88' lang='lat' dir='ltr'><strong>pensiones</strong></span> <span class='ocrx_word' id='word_1_308' title='bbox 527 2656 704 2685; x_wconf 90' lang='lat' dir='ltr'><strong>annuae</strong></span> <span class='ocrx_word' id='word_1_309' title='bbox 759 2641 933 2696; x_wconf 89' lang='lat' dir='ltr'><strong>et[iam]</strong></span> <span class='ocrx_word' id='word_1_310' title='bbox 982 2642 1174 2683; x_wconf 83' lang='lat' dir='ltr'><strong>Sanctae</strong></span> <span class='ocrx_word' id='word_1_311' title='bbox 1207 2642 1441 2683; x_wconf 88' lang='lat' dir='ltr'><strong>Romanae</strong></span> <span class='ocrx_word' id='word_1_312' title='bbox 1473 2639 1682 2683; x_wconf 87' lang='lat' dir='ltr'><strong>ecclesiae</strong></span> <span class='ocrx_word' id='word_1_313' title='bbox 1713 2653 1807 2681; x_wconf 87' lang='lat' dir='ltr'><strong>car-</strong></span> 
     </span>
     <span class='ocr_line' id='line_1_36' title="bbox 65 2710 1807 2769; baseline -0.002 -15"><span class='ocrx_word' id='word_1_314' title='bbox 65 2713 347 2763; x_wconf 84' lang='lat' dir='ltr'><strong>35dinalibus,</strong></span> <span class='ocrx_word' id='word_1_315' title='bbox 384 2714 456 2756; x_wconf 91' lang='lat' dir='ltr'><strong>vel</strong></span> <span class='ocrx_word' id='word_1_316' title='bbox 492 2713 594 2756; x_wconf 91' lang='lat' dir='ltr'><strong>aliis</strong></span> <span class='ocrx_word' id='word_1_317' title='bbox 626 2712 842 2769; x_wconf 91' lang='lat' dir='ltr'><strong>personis,</strong></span> <span class='ocrx_word' id='word_1_318' title='bbox 878 2716 958 2755; x_wconf 91' lang='lat' dir='ltr'><strong>aut</strong></span> <span class='ocrx_word' id='word_1_319' title='bbox 992 2711 1185 2767; x_wconf 88' lang='lat' dir='ltr'><strong>collegiis</strong></span> <span class='ocrx_word' id='word_1_320' title='bbox 1217 2716 1262 2754; x_wconf 92' lang='lat' dir='ltr'><strong>et</strong></span> <span class='ocrx_word' id='word_1_321' title='bbox 1295 2711 1402 2754; x_wconf 89' lang='lat' dir='ltr'><strong>locis</strong></span> <span class='ocrx_word' id='word_1_322' title='bbox 1435 2710 1519 2767; x_wconf 93' lang='lat' dir='ltr'><strong>piis</strong></span> <span class='ocrx_word' id='word_1_323' title='bbox 1552 2710 1807 2766; x_wconf 88' lang='lat' dir='ltr'><strong>assignatae</strong></span> 
     </span>
     <span class='ocr_line' id='line_1_37' title="bbox 111 2780 1810 2841; baseline -0.004 -14"><span class='ocrx_word' id='word_1_324' title='bbox 111 2797 162 2826; x_wconf 81' lang='lat' dir='ltr'><strong>ac</strong></span> <span class='ocrx_word' id='word_1_325' title='bbox 198 2784 503 2841; x_wconf 89' lang='lat' dir='ltr'><strong>cuiuscunque</strong></span> <span class='ocrx_word' id='word_1_326' title='bbox 546 2783 824 2840; x_wconf 88' lang='lat' dir='ltr'><strong>quantitatis</strong></span> <span class='ocrx_word' id='word_1_327' title='bbox 861 2787 906 2825; x_wconf 91' lang='lat' dir='ltr'><strong>et</strong></span> <span class='ocrx_word' id='word_1_328' title='bbox 944 2797 1149 2825; x_wconf 91' lang='lat' dir='ltr'><strong>summae</strong></span> <span class='ocrx_word' id='word_1_329' title='bbox 1185 2781 1289 2831; x_wconf 89' lang='lat' dir='ltr'><strong>sint,</strong></span> <span class='ocrx_word' id='word_1_330' title='bbox 1329 2781 1474 2825; x_wconf 89' lang='lat' dir='ltr'><strong>eidem</strong></span> <span class='ocrx_word' id='word_1_331' title='bbox 1511 2780 1694 2836; x_wconf 84' lang='lat' dir='ltr'><strong>collegio</strong></span> <span class='ocrx_word' id='word_1_332' title='bbox 1730 2794 1810 2836; x_wconf 90' lang='lat' dir='ltr'><strong>per</strong></span> 
     </span>
     <span class='ocr_line' id='line_1_38' title="bbox 111 2851 1806 2910; baseline -0.004 -11"><span class='ocrx_word' id='word_1_333' title='bbox 111 2860 367 2910; x_wconf 88' lang='lat' dir='ltr'><strong>praesentes</strong></span> <span class='ocrx_word' id='word_1_334' title='bbox 397 2860 560 2904; x_wconf 91' lang='lat' dir='ltr'><strong>erecto,</strong></span> <span class='ocrx_word' id='word_1_335' title='bbox 593 2855 809 2910; x_wconf 89' lang='lat' dir='ltr'><strong>illiusque</strong></span> <span class='ocrx_word' id='word_1_336' title='bbox 839 2853 1013 2902; x_wconf 89' lang='lat' dir='ltr'><strong>rectori,</strong></span> <span class='ocrx_word' id='word_1_337' title='bbox 1046 2853 1117 2896; x_wconf 91' lang='lat' dir='ltr'><strong>vel</strong></span> <span class='ocrx_word' id='word_1_338' title='bbox 1148 2852 1242 2895; x_wconf 90' lang='lat' dir='ltr'><strong>eius</strong></span> <span class='ocrx_word' id='word_1_339' title='bbox 1271 2852 1551 2909; x_wconf 92' lang='lat' dir='ltr'><strong>procuratori</strong></span> <span class='ocrx_word' id='word_1_340' title='bbox 1582 2852 1641 2895; x_wconf 88' lang='lat' dir='ltr'><strong>ad</strong></span> <span class='ocrx_word' id='word_1_341' title='bbox 1669 2851 1716 2893; x_wconf 92' lang='lat' dir='ltr'><strong>id</strong></span> <span class='ocrx_word' id='word_1_342' title='bbox 1746 2851 1806 2893; x_wconf 89' lang='lat' dir='ltr'><strong>ab</strong></span> 
     </span>
     <span class='ocr_line' id='line_1_39' title="bbox 112 2923 1804 2982; baseline -0.003 -15"><span class='ocrx_word' id='word_1_343' title='bbox 112 2939 164 2967; x_wconf 90' lang='lat' dir='ltr'><strong>eo</strong></span> <span class='ocrx_word' id='word_1_344' title='bbox 198 2926 387 2982; x_wconf 89' lang='lat' dir='ltr'><strong>speciale</strong></span> <span class='ocrx_word' id='word_1_345' title='bbox 423 2926 702 2969; x_wconf 89' lang='lat' dir='ltr'><strong>mandatum</strong></span> <span class='ocrx_word' id='word_1_346' title='bbox 736 2924 937 2974; x_wconf 88' lang='lat' dir='ltr'><strong>habenti,</strong></span> <span class='ocrx_word' id='word_1_347' title='bbox 975 2938 1054 2980; x_wconf 91' lang='lat' dir='ltr'><strong>per</strong></span> <span class='ocrx_word' id='word_1_348' title='bbox 1089 2923 1304 2966; x_wconf 84' lang='lat' dir='ltr'><strong>dilectum</strong></span> <span class='ocrx_word' id='word_1_349' title='bbox 1338 2923 1482 2966; x_wconf 85' lang='lat' dir='ltr'><strong>filium</strong></span> <span class='ocrx_word' id='word_1_350' title='bbox 1516 2927 1723 2965; x_wconf 90' lang='lat' dir='ltr'><strong>nostrum</strong></span> <span class='ocrx_word' id='word_1_351' title='bbox 1758 2925 1804 2963; x_wconf 88' lang='lat' dir='ltr'><strong>et</strong></span> 
     </span>
     <span class='ocr_line' id='line_1_40' title="bbox 112 2991 1805 3053; baseline -0.004 -15"><span class='ocrx_word' id='word_1_352' title='bbox 112 3009 192 3050; x_wconf 92' lang='lat' dir='ltr'><strong>pro</strong></span> <span class='ocrx_word' id='word_1_353' title='bbox 224 3001 429 3053; x_wconf 90' lang='lat' dir='ltr'><strong>tempore</strong></span> <span class='ocrx_word' id='word_1_354' title='bbox 465 2996 738 3040; x_wconf 87' lang='lat' dir='ltr'><strong>existentem</strong></span> <span class='ocrx_word' id='word_1_355' title='bbox 771 2995 1013 3044; x_wconf 81' lang='lat' dir='ltr'><strong>datarium,</strong></span> <span class='ocrx_word' id='word_1_356' title='bbox 1048 2994 1231 3050; x_wconf 90' lang='lat' dir='ltr'><strong>eiusque</strong></span> <span class='ocrx_word' id='word_1_357' title='bbox 1264 2993 1587 3051; x_wconf 83' lang='lat' dir='ltr'><strong>depositarium</strong></span> <span class='ocrx_word' id='word_1_358' title='bbox 1620 2991 1805 3047; x_wconf 85' lang='lat' dir='ltr'><strong>singulis</strong></span> 
     </span>
     <span class='ocr_line' id='line_1_41' title="bbox 67 3063 1803 3123; baseline -0.002 -15"><span class='ocrx_word' id='word_1_359' title='bbox 67 3067 340 3110; x_wconf 81' lang='lat' dir='ltr'><strong>40mensibus</strong></span> <span class='ocrx_word' id='word_1_360' title='bbox 364 3082 446 3123; x_wconf 93' lang='lat' dir='ltr'><strong>pro</strong></span> <span class='ocrx_word' id='word_1_361' title='bbox 472 3072 588 3116; x_wconf 91' lang='lat' dir='ltr'><strong>rata,</strong></span> <span class='ocrx_word' id='word_1_362' title='bbox 615 3067 864 3122; x_wconf 90' lang='lat' dir='ltr'><strong>eademque</strong></span> <span class='ocrx_word' id='word_1_363' title='bbox 887 3065 934 3108; x_wconf 90' lang='lat' dir='ltr'><strong>in</strong></span> <span class='ocrx_word' id='word_1_364' title='bbox 958 3064 1176 3121; x_wconf 88' lang='lat' dir='ltr'><strong>principio</strong></span> <span class='ocrx_word' id='word_1_365' title='bbox 1200 3065 1415 3121; x_wconf 90' lang='lat' dir='ltr'><strong>cuiusque</strong></span> <span class='ocrx_word' id='word_1_366' title='bbox 1438 3063 1603 3107; x_wconf 90' lang='lat' dir='ltr'><strong>mensis</strong></span> <span class='ocrx_word' id='word_1_367' title='bbox 1627 3067 1671 3105; x_wconf 91' lang='lat' dir='ltr'><strong>et</strong></span> <span class='ocrx_word' id='word_1_368' title='bbox 1697 3067 1803 3105; x_wconf 90' lang='lat' dir='ltr'><strong>ante</strong></span> 
     </span>
     <span class='ocr_line' id='line_1_42' title="bbox 114 3132 1803 3194; baseline -0.002 -16"><span class='ocrx_word' id='word_1_369' title='bbox 114 3135 222 3179; x_wconf 85' lang='lat' dir='ltr'><strong>alias</strong></span> <span class='ocrx_word' id='word_1_370' title='bbox 261 3152 417 3180; x_wconf 92' lang='lat' dir='ltr'><strong>omnes</strong></span> <span class='ocrx_word' id='word_1_371' title='bbox 460 3137 697 3194; x_wconf 88' lang='lat' dir='ltr'><strong>pensiones</strong></span> <span class='ocrx_word' id='word_1_372' title='bbox 738 3141 990 3179; x_wconf 88' lang='lat' dir='ltr'><strong>reservatas</strong></span> <span class='ocrx_word' id='word_1_373' title='bbox 1030 3140 1074 3178; x_wconf 95' lang='lat' dir='ltr'><strong>et</strong></span> <span class='ocrx_word' id='word_1_374' title='bbox 1115 3136 1407 3178; x_wconf 90' lang='lat' dir='ltr'><strong>reservandas</strong></span> <span class='ocrx_word' id='word_1_375' title='bbox 1447 3135 1507 3178; x_wconf 93' lang='lat' dir='ltr'><strong>ad</strong></span> <span class='ocrx_word' id='word_1_376' title='bbox 1546 3132 1803 3191; x_wconf 89' lang='lat' dir='ltr'><strong>quindecim</strong></span> 
     </span>
    </p>
   </div>
  </div>
 </body>
</html>
