2188 3535
229 918 294 949 Maii.
321 925 348 949 9.

219 1271 286 1303 Maj.
314 1278 354 1299 ιο.

197 1698 291 1729 Szept.

317 1705 359 1729 29.

374 234 414 259 12
1147 213 1220 248 No.
1253 225 1278 258 4
1757 209 1874 254 [1574
1903 206 1975 251 jul.
2015 215 2055 252 15

366 340 487 383 vitae
517 340 718 395 [patres]‚
748 335 825 392 qui
852 332 1058 388 exemplo
1084 331 1393 387 praelucerent
1420 328 1541 386 plebi
1568 333 1612 371 et
1641 326 1847 370 doctrina
1873 327 2057 377 possent

366 410 603 454 haereticis
639 410 750 451 hora
786 403 1063 447 concludere.

495 482 619 523 Haec
656 491 737 532 ego
773 474 924 517 subito
960 471 1196 529 perscripsi
1231 471 1352 528 patri
1387 469 1651 527 provinciali
1687 473 1732 511 et
1768 467 1922 509 literas
1958 463 2060 508 misi

367 565 445 606 per
472 553 591 594 hunc
622 546 815 590 eundern
844 545 1052 599 legatum·
1074 542 1301 599 principis,
1332 542 1410 599 qui
1440 540 1646 598 sequenti
1676 539 1747 582 die
1776 537 2061 594 profecturus

367 626 463 663 erat
497 621 699 663 Brunam
733 616 793 658 ad
825 614 1010 657 comitia
1043 614 1285 663 Moravica,
1320 613 1579 669 litigaturus
1612 625 1694 667 pro
1727 609 1928 666 quadam
1961 619 2062 649 arce
2092 619 2110 647 5

367 697 411 733 et
439 687 794 746 possessionibus
813 685 975 728 sororis
995 684 1166 727 domini
1187 684 1448 740 Bathory‚1⁶
1476 696 1591 738 quae
1613 682 1659 723 in
1681 679 1885 724 Moravia
1905 681 2063 733 empta

368 764 494 803 erant
522 773 549 802 a
574 758 821 802 maioribus
846 757 1052 812 Bathory
1079 769 1162 798 100
1187 755 1385 798 millibus
1410 755 1695 802 florenorum,
1722 751 1802 793 ubi
1827 749 2064 804 diligenter

367 837 610 887 utramque
635 842 819 871 causam
844 826 1077 877 tractavit,
1105 826 1184 868 sed
1207 825 1527 868 resolutionem
1551 822 1694 866 nostri
1718 820 1887 877 negotii
1910 818 2062 862 reiecit

367 903 454 944 huc
480 901 704 944 Viennam
730 901 778 942 P.
809 897 1114 941 Provincialis.
1144 897 1277 939 Nona
1301 895 1439 952 igitur
1464 894 1585 944 Maii,
1613 908 1717 936 cum
1742 892 1835 934 iam
1859 890 2063 933 rediisset

368 975 416 1016 P.
441 971 712 1015 Laurentius
734 969 922 1025 Magius,
945 968 1156 1011 dominus
1174 967 1374 1010 Thomas
1394 965 1624 1008 Literatus
1644 978 1748 1006 cum
1769 962 1866 1005 aliis
1887 961 2065 1004 duobus
2078 973 2115 1001 ιο

369 1044 438 1086 sui
475 1042 688 1099 principis
719 1041 892 1097 legatis,
927 1039 1005 1096 qui
1036 1043 1239 1082 recenter
1269 1037 1393 1081 missi
1425 1040 1568 1085 erant,
1597 1039 1649 1077 ut
1672 1032 1904 1089 antiquior
1922 1031 2066 1074 redire

369 1119 414 1156 et
450 1113 763 1170 conquiescere
798 1126 825 1154 a
859 1111 1090 1154 laboribus
1124 1114 1290 1166 posset,
1328 1110 1636 1150 convenerunt
1671 1109 1851 1161 patrem
1885 1101 2066 1160 provin-

370 1185 529 1228 cialem
568 1189 613 1226 et
653 1183 886 1239 negotium
924 1181 1148 1224 missionis
1186 1181 1232 1222 in
1270 1177 1662 1235 Transylvaniam,
1711 1188 1877 1231 magno
1927 1171 2068 1216 animi

372 1255 591 1298 desiderio
618 1258 951 1311 proposuerunt
977 1257 1022 1295 et
1049 1256 1273 1300 urserunt,
1302 1255 1347 1292 et
1374 1249 1482 1306 quia
1509 1247 1716 1304 sequenti
1742 1245 1814 1288 die
1839 1243 2071 1300 antiquior

372 1328 548 1383 legatus
591 1327 784 1382 parabat
829 1324 1087 1373 discessum,
1134 1322 1420 1365 desiderabat
1466 1333 1617 1362 secum
1660 1331 1753 1360 una
1796 1316 1971 1372 aliquos
2012 1328 2069 1356 ex
2083 1333 2119 1361 15

373 1398 580 1454 patribus
611 1397 799 1446 auferre,
834 1395 871 1437 si
901 1396 1067 1437 habere
1098 1394 1333 1450 potuisset.
1370 1393 1479 1434 Post
1511 1390 1680 1433 multos
1712 1388 1899 1431 tandem
1929 1385 2070 1428 ultro-

373 1469 576 1524 citroque
606 1481 832 1510 sermones
865 1466 1047 1508 habitos
1083 1465 1149 1507 ita
1187 1466 1234 1506 P.
1276 1462 1546 1506 Laurentius
1582 1459 1830 1516 respondit,
1868 1471 1914 1500 se
1951 1469 2071 1498 nunc

374 1539 600 1581 neminem
631 1551 760 1594 posse
792 1537 973 1579 mittere
1004 1541 1256 1591 propterea,
1290 1534 1414 1589 quod
1444 1533 1519 1582 illi,
1553 1531 1631 1588 qui
1663 1529 1876 1574 mittendi
1907 1531 2070 1576 essent,

374 1610 420 1652 in
451 1609 640 1652 diversis
669 1608 829 1650 officiis
860 1607 1098 1650 Societatis
1128 1605 1337 1661 occupati
1368 1604 1690 1651 detinerentur,
1723 1601 1802 1643 sed
1831 1603 2072 1655 expectan-

375 1681 485 1723 dum
517 1695 611 1722 esse
643 1693 785 1735 usque
817 1679 877 1721 ad
908 1678 1076 1720 festum
1109 1677 1202 1719 divi
1235 1675 1477 1724 Michaelis,
1511 1679 1562 1716 ut
1594 1672 1777 1715 interim
1808 1675 1853 1713 et
1886 1685 1912 1712 a
1944 1668 2123 1715 nobis20

376 1751 567 1808 operarii
597 1750 747 1793 idonei
778 1749 1005 1806 provideri
1035 1748 1223 1804 possint,
1267 1751 1312 1789 et
1344 1746 1428 1802 ipsi
1460 1744 1631 1788 domini
1661 1742 1797 1798 legati
1828 1735 1924 1784 Illmi
1954 1740 2073 1796 prin-

376 1823 521 1879 cipem
544 1824 848 1871 hortarentur,
880 1835 970 1877 quo
995 1820 1143 1862 adhuc
1167 1818 1304 1860 semel
1328 1831 1419 1859 non
1442 1819 1708 1872 gravaretur
1732 1814 1821 1856 Sua
1846 1810 2074 1856 Celsitudo

376 1894 505 1936 nobis
541 1893 756 1936 scribere:
797 1897 897 1934 tum
933 1896 978 1933 et
1009 1890 1227 1939 animum,
1258 1894 1303 1931 et
1339 1888 1626 1930 voluntatem
1661 1885 1756 1927 eius
1791 1882 2075 1927 manifestius

377 1978 758 2020 cognosceremus,
790 1968 890 2005 tum
919 1962 1072 2011 etiam,
1104 1966 1155 2003 ut
1184 1965 1339 2002 nostro
1369 1957 1628 2015 praeposito
1656 1955 1850 2012 generali
1878 1954 1925 1996 in
1950 1954 2075 1996 Tuae

378 2030 439 2078 Pti
475 2049 592 2092 quae
617 2034 820 2077 nondum
845 2034 939 2075 eius
963 2033 1116 2075 literas
1139 2031 1270 2080 vidit,
1300 2032 1426 2073 fieret
1452 2029 1574 2072 satis,
1618 2029 1735 2071 Tum
1760 2027 1935 2082 legatus
1958 2022 2124 2070 anti-25

378 2107 509 2163 quior
533 2106 743 2148 dominus
767 2106 965 2147 Thomas
989 2104 1218 2146 Literatus
1242 2102 1311 2144 his
1336 2100 1517 2151 auditis,
1544 2114 1684 2142 manu
1709 2098 1870 2140 dextra
1894 2095 2075 2152 provin-

379 2177 502 2220 cialis
524 2190 750 2233 appressa,
775 2176 833 2218 sit
856 2175 993 2231 igitur
1019 2201 1064 2205 —
1091 2173 1239 2230 inquit
1267 2199 1312 2203 —
1339 2173 1450 2214 haec
1472 2171 1634 2213 ultima
1657 2168 1896 2217 conclusio,
1919 2171 1971 2209 ut
1994 2178 2076 2207 nos

379 2262 587 2292 curemus
620 2247 757 2290 semel
791 2247 939 2289 adhuc
973 2246 1032 2288 ad
1066 2259 1147 2287 vos
1180 2244 1332 2286 literas
1367 2243 1473 2284 dare
1507 2246 1714 2284 nostrum
1748 2238 1997 2295 principem
2030 2240 2076 2277 et

380 2334 461 2362 vos
499 2318 696 2375 acceptis
734 2318 819 2360 illis
856 2332 961 2360 cum
1004 2316 1146 2365 sociis,
1200 2315 1286 2357 iter
1323 2312 1702 2369 Transylvaniam
1740 2323 1896 2353 versus
1933 2308 2075 2363 ingre-

381 2390 581 2433 diamini.
615 2389 699 2433 His
727 2388 873 2439 dictis,
905 2401 1066 2431 manus
1094 2391 1140 2428 et
1169 2385 1243 2428 alii
1273 2385 1362 2427 duo
1390 2383 1526 2439 legati
1556 2385 1850 2438 porrexerunt
1879 2384 1925 2421 et
1954 2378 2076 2420 dicto
2089 2396 2127 2424 30

386 2463 491 2504 Vale
527 2461 725 2517 hospitia
762 2474 844 2503 sua
881 2459 1172 2515 repetierunt.

510 2534 635 2575 Haec
667 2546 771 2574 cum
803 2531 869 2573 ita
900 2530 1003 2578 sint,
1038 2533 1241 2571 vestrum
1274 2532 1341 2569 est
1376 2527 1510 2568 Pater
1541 2523 1817 2571 Reverende,
1852 2519 2078 2577 operarios

382 2603 566 2646 idoneos
589 2602 860 2658 tempestive
884 2600 1132 2657 providere,
1157 2598 1235 2655 qui
1258 2597 1347 2639 sint
1371 2596 1418 2638 in
1441 2595 1666 2639 Societate
1690 2592 1832 2641 solidi,
1858 2589 2074 2639 veterani,

383 2675 527 2716 bonae
561 2673 698 2722 vitae,
735 2672 858 2715 docti
891 2676 936 2714 et
970 2671 1225 2726 linguarum
1259 2667 1406 2724 periti,
1443 2666 1521 2723 qui
1555 2665 1728 2722 possint
1762 2662 1998 2705 haereticis
2030 2660 2077 2702 in
2115 2664 2118 2666 ’

383 2744 638 2800 linguarum
660 2743 914 2798 cognitione
930 2742 1127 2785 maxime
1146 2739 1336 2782 versatis
1358 2737 1638 2793 respondere.
1659 2735 1703 2777 Si
1726 2734 2076 2776 fundamentum
2089 2750 2127 2778 35

383 2814 640 2857 huiusmodi
676 2814 816 2856 firmis
851 2818 897 2855 et
933 2812 1133 2868 antiquis
1167 2809 1393 2866 lapidibus
1429 2807 1564 2850 fuerit
1600 2806 1783 2854 iactum,
1822 2802 2077 2846 aedificium

385 2890 672 2929 construetur
707 2884 867 2927 stabile
908 2889 952 2925 et
994 2882 1303 2930 fortissimum,
1347 2884 1507 2922 contra
1547 2876 1751 2920 omnium
1791 2889 1991 2917 errorum
2031 2877 2077 2914 et

384 2958 620 2999 haeresum
649 2955 876 3011 procellas.
926 2954 1004 2997 Sin
1041 2958 1196 2996 autem
1234 2951 1587 2993 fundamentum
1625 2946 1759 2989 fuerit
1797 2960 1852 2988 ex
1890 2943 2078 2987 novellis

386 3027 593 3083 virgultis
626 3031 671 3068 et
707 3025 935 3081 plantulis,
974 3024 1051 3067 diu
1085 3023 1326 3066 consistere
1361 3025 1521 3063 contra
1556 3018 1772 3075 procellas
1806 3013 2077 3072 persecutio-

387 3112 496 3141 num
520 3102 564 3140 et
588 3096 897 3139 tentationum
921 3096 1045 3138 haud
1067 3094 1246 3150 poterit.
1274 3092 1329 3134 Id
1352 3104 1533 3148 quoque
1557 3089 1660 3132 nolo
1682 3089 1829 3130 Tuam
1855 3088 2077 3129 Reveren-
2091 3103 2129 3130 40
2186 3075 2188 3127 ἶ

518 3178 547 3220 {⁶
576 3198 750 3244 Somlyoi
774 3198 956 3243 Bathory
978 3198 1106 3231 Anna.
