2188 3535
164 1006 236 1031 Nov.
256 1012 300 1037 25.

324 183 394 219 130
1085 171 1159 206 No.
1193 182 1245 216 49
1681 173 1795 219 [1581
1833 170 1928 215 maj.
1968 181 2011 208 12

319 293 429 335 tatis
467 297 621 335 autem
660 289 879 333 eiusmodi
917 287 1264 338 sustentatione,
1305 287 1540 332 abbatiam
1580 289 1878 333 Beatissimae
1915 287 2014 330 Vir-

318 363 432 419 ginis
461 362 628 405 Mariae
650 361 704 403 de
727 360 1091 403 Colosmonostra
1120 372 1223 401 cum
1248 358 1463 416 contiguo
1493 374 1623 416 pago,
1656 360 1734 416 qui
1764 372 1879 416 pene
1909 372 2013 401 con-

317 434 498 475 iunctus
523 437 590 474 est
616 430 832 474 suburbio
857 429 1059 472 civitatis
1083 429 1317 484 praefatae
1343 429 1557 473 Colosvar
1582 435 1627 473 et
1654 430 1751 473 aliis
1795 429 2017 473 totalibus

317 509 361 545 et
405 502 589 557 integris
631 500 987 557 possessionibus
1031 500 1160 549 Bacs‚
1206 500 1421 556 Jegenye,
1466 501 1671 550 TiburCZ,
1719 499 1925 556 Kajanto
1968 503 2015 542 et

316 572 585 628 Bogartelke
628 571 816 621 vocatis,
860 571 907 612 in
950 570 1174 613 comitatu
1217 570 1459 613 Colosiensi
1502 571 1804 614 existentibus
1845 569 2015 613 habitis
2046 577 2065 604 5

319 645 450 698 (quae
471 647 636 684 cuncta
656 642 777 684 bona
797 640 1012 684 abbatiae
1032 641 1350 697 praescriptae,
1374 647 1477 697 post
1498 642 1797 684 novissimum
1817 641 2016 684 reditum

314 713 360 755 in
399 726 586 768 regnum
626 712 983 768 Transylvaniae
1036 711 1352 754 Serenissimae
1391 712 1499 755 olim
1546 712 1756 755 dominae
1796 711 2016 754 Isabellae

314 783 492 839 reginae
508 783 770 839 Hungariae
785 787 830 825 et
845 782 924 824 filii
952 781 1021 825 sui
1043 782 1335 832 Serenissimi‚
1359 783 1591 838 quondam
1615 782 1829 839 principis
1845 780 2016 824 domini

314 853 504 908 Joannis
520 853 714 896 Secundi
736 853 866 896 electi
887 852 1001 909 regis
1023 853 1263 909 Ungariae,
1281 852 1398 895 felici
1421 853 1801 903 recordationum,
1819 853 1865 895 in
1880 851 2015 895 comi-

314 924 389 966 tiis
410 925 692 980 generalibus
714 924 774 967 ad
795 925 963 967 festum
985 924 1157 966 Beatae
1179 923 1451 967 Catharinae
1471 924 1679 981 Virginis,
1696 938 1816 967 anno
1831 922 2016 966 Domini
2030 929 2065 957 1⁰

314 995 550 1038 Millesimo
573 995 934 1051 quingentesimo
957 994 1332 1051 quinquagesimo
1363 999 1492 1037 sexto
1514 995 1561 1037 in
1593 995 1782 1038 civitate
1804 994 2018 1038 Colosvar

315 1066 563 1116 celebratis,
594 1080 685 1108 una
712 1080 815 1109 cum
850 1066 1041 1108 aliarum
1072 1065 1360 1108 ecclesiarum
1388 1066 1848 1122 Transylvanicarum
1870 1064 2015 1114 bonis,

315 1150 535 1179 consensu
554 1137 757 1180 omnium
776 1142 983 1179 statuum
1002 1141 1047 1178 et
1067 1136 1278 1179 ordinum
1297 1136 1498 1179 eiusdem
1516 1137 1641 1193 regni
1659 1135 2017 1192 Transylvaniae

315 1207 375 1250 ad
403 1207 635 1263 publicum
664 1207 759 1250 fisci
787 1221 920 1250 usum
950 1207 1181 1263 applicata
1209 1211 1254 1249 et
1284 1207 1483 1257 redacta,
1514 1208 1710 1264 huicque
1739 1207 1799 1250 ad
1828 1205 2016 1262 disposi-

315 1278 486 1321 tionem
514 1283 559 1321 et
588 1278 856 1321 facultatem
885 1278 1201 1321 Serenissimae
1229 1277 1379 1320 dictae
1406 1278 1586 1334 reginae
1615 1278 1835 1321 Isabellae
1863 1282 1908 1319 et
1936 1275 2016 1319 filii
2030 1282 2066 1311 15

315 1348 529 1399 eiusdem,
563 1348 734 1392 domini
755 1349 946 1404 Joannis
981 1349 1175 1391 Secundi
1209 1349 1404 1404 praefati
1439 1349 1569 1392 electi
1603 1349 1718 1405 regis
1754 1347 2016 1403 Hungariae

315 1419 539 1462 translata
564 1419 700 1469 fuere,
729 1420 922 1476 denique
948 1419 1243 1475 consequenti
1268 1424 1472 1475 tempore
1498 1434 1553 1462 ex
1578 1420 1727 1476 gratia
1751 1424 1795 1462 et
1822 1417 2015 1461 liberali-

316 1495 413 1532 tate
436 1491 495 1532 ab
518 1490 676 1533 eodem
699 1491 877 1545 Joanne
899 1504 1001 1546 rege
1024 1490 1118 1532 iure
1141 1495 1361 1546 perpetuo
1385 1491 1444 1533 ad
1466 1491 1758 1547 Magnificum
1781 1489 2014 1546 quondam

315 1561 605 1604 Franciscum
622 1562 658 1603 F
661 1561 824 1617 orgach
848 1561 902 1603 de
919 1561 1120 1617 Ghymes
1142 1575 1409 1616 pervenere:
1438 1575 1490 1604 eo
1519 1576 1622 1604 vero
1647 1561 1693 1603 in
1719 1561 1856 1603 Italia
1880 1559 2015 1602 nullis

314 1631 480 1673 relictis
496 1631 646 1674 liberis
663 1631 914 1681 defuncto,³
931 1645 1034 1674 cum
1052 1631 1112 1673 ad
1126 1632 1285 1674 fiscum
1303 1632 1535 1688 publicum
1551 1632 1718 1675 iterum
1734 1631 2012 1679 recidissent,
2026 1636 2064 1664 20

314 1707 474 1757 postea
510 1717 565 1745 ex
603 1702 967 1745 commemoratis
1005 1702 1360 1758 possessionibus
1397 1707 1489 1745 tres
1526 1704 1692 1746 totales
1729 1707 1775 1745 et
1812 1702 2014 1758 integrae

314 1772 527 1815 nimirum
560 1774 766 1823 Tiburcz,
822 1774 1027 1827 Kajanto
1079 1778 1125 1815 et
1178 1773 1463 1829 Bogartelke‚
1518 1773 1771 1816 Excellenti
1822 1772 2014 1828 Georgio

315 1843 591 1886 Blandratae
619 1844 805 1887 Doctori
833 1844 1008 1886 medico
1036 1848 1205 1893 nostro,
1236 1858 1317 1899 pro
1345 1844 1437 1886 suis
1463 1845 1510 1886 in
1538 1858 1620 1887 nos
1647 1843 1879 1900 praestitis
1906 1842 2015 1886 fide-

313 1914 430 1956 libus
464 1915 671 1964 servitiis,
708 1915 803 1957 iure
837 1920 1057 1970 perpetuo
1092 1915 1312 1965 collatae;
1350 1929 1483 1970 porro
1518 1929 1598 1971 per
1631 1929 1736 1958 eum
1771 1913 2014 1970 Georgium

314 2015 589 2050 levcltaraban
610 2017 770 2050 maradt
791 2016 914 2050 reank
934 2036 982 2040 —
1003 2016 1056 2050 itt
1078 2016 1167 2061 meg
1188 2027 1211 2050 a
1232 2016 1454 2051 kovetkezo
1477 2017 1724 2061 (kihagyott)
1744 2016 1863 2051 sorok
1882 2015 2013 2050 olvas-
2027 2023 2063 2051 25

313 2072 464 2108 hatok:
493 2073 593 2109 Cum
619 2085 714 2108 vero
740 2075 815 2108 hoc
841 2085 959 2109 omne
985 2077 1168 2108 nostrum
1194 2075 1429 2109 institutum
1455 2079 1497 2109 et
1522 2075 1744 2115 consilium,
1771 2074 1824 2109 ad
1849 2073 2011 2108 laudem

312 2133 483 2167 nominis
506 2133 631 2167 divini
655 2136 697 2168 et
720 2134 941 2168 utilitatem
964 2144 1218 2168 communem
1242 2137 1410 2179 spectet,
1435 2135 1641 2169 debebunt
1664 2145 1685 2168 e
1707 2136 1864 2173 contra,
1887 2136 2011 2178 atque

311 2195 429 2225 erunt
454 2192 621 2237 obligati
646 2193 798 2238 collegii
825 2191 1036 2227 Societatis
1059 2193 1154 2238 Jesu
1181 2193 1346 2233 incolae,
1373 2196 1420 2227 ut
1445 2193 1649 2239 perpetuis
1674 2192 1936 2238 temporibus,
1963 2191 2013 2226 de

312 2250 488 2295 ipsorum
509 2251 549 2284 in
570 2251 750 2286 docendo
770 2251 970 2286 industria
990 2255 1114 2297 atque
1135 2252 1342 2296 diligentia
1362 2255 1520 2287 constet
1537 2265 1546 2287 z
1569 2263 1631 2293 ne,
1652 2252 1762 2298 quod
1782 2262 1900 2297 saepe
1920 2261 2009 2285 eve-

313 2310 395 2344 nire
422 2310 618 2350 videmus,
644 2312 851 2357 praeclara
876 2315 1022 2357 coepta
1048 2322 1071 2346 a
1096 2311 1289 2346 laudabili
1315 2312 1532 2346 authorum
1557 2312 1748 2346 instituto
1775 2311 2064 2351 desciscant‚30

313 2367 714 2414 incontemptumque
752 2370 930 2404 veniant.
971 2367 1174 2415 Inprimis}
1198 2372 1335 2404 autem
1371 2372 1530 2415 praeter
1555 2370 1634 2405 alia
1658 2379 1795 2404 eorum
1821 2369 2012 2410 instituti,

314 2426 354 2459 in
380 2426 614 2461 reducendis
640 2427 692 2462 ad
719 2427 850 2462 Deum
877 2428 1090 2462 animabus
1116 2428 1184 2473 pia
1209 2428 1411 2469 exercitia,
1438 2428 1649 2473 diligenter
1674 2428 1839 2462 tradent
1864 2427 1905 2461 in
1931 2427 2012 2461 suis

314 2485 456 2520 scholis
480 2486 793 2528 Grammaticen‚
819 2487 1074 2527 Rhetoricen‚
1099 2487 1358 2524 Dialecticen.
1383 2488 1566 2522 adhibito
1590 2487 1771 2532 diligenti
1794 2487 2013 2521 disserendi

316 2547 357 2578 et
380 2544 536 2579 dicendi
561 2556 634 2580 usu
659 2546 970 2581 Mathematicas
995 2546 1225 2592 disciplinas
1249 2549 1372 2592 atque
1396 2557 1533 2581 omnes
1559 2546 1838 2591 Philosophiae
1862 2548 2011 2591 partes,

319 2604 359 2635 et
385 2605 544 2646 praeter
569 2603 666 2638 haec
692 2604 816 2639 etiam
844 2604 968 2650 (quod
993 2604 1151 2639 illorum
1177 2605 1431 2650 potissimum
1456 2604 1648 2650 professio
1673 2603 1856 2649 requirit)
1880 2612 2062 2640 saeras35

318 2661 467 2698 literas.
494 2672 575 2707 qua
601 2674 674 2708 par
699 2666 761 2697 est
786 2663 994 2708 diligentia
1017 2663 1290 2709 explicabunt.
1324 2663 1435 2708 Quae
1460 2663 1595 2698 omnia
1619 2663 1694 2698 etsi
1720 2673 1825 2697 nunc
1852 2666 2015 2708 propter

319 2718 511 2752 minorem
546 2724 820 2764 proventuum
855 2721 1007 2766 collegii
1042 2722 1212 2767 copiam,
1248 2731 1371 2766 quam
1405 2731 1508 2766 quae
1541 2723 1607 2755 tot
1639 2721 1791 2755 alendis
1824 2721 2013 2766 operariis

318 2776 493 2811 sufficiat
529 2782 733 2823 praestare
762 2790 840 2814 non
869 2783 1074 2825 poterunt,
1104 2783 1225 2815 aucta
1252 2783 1389 2814 tamen
1430 2790 1500 2825 per
1527 2790 1598 2814 nos
1627 2779 1863 2814 fundatione
1891 2783 1934 2814 et
1961 2779 2013 2814 ad

319 2835 438 2880 pleni,
458 2838 504 2870 ut
521 2845 726 2881 speramus
745 2838 898 2883 collegii
916 2838 1087 2873 formam
1105 2839 1284 2877 reducta,
1303 2837 1581 2883 praestabunt.
1603 2837 1768 2872 Interim
1787 2838 2012 2872 scholarum

317 2894 376 2928 sui
401 2895 556 2939 collegii
580 2906 715 2931 curam
741 2898 950 2932 habebunt
973 2901 1015 2932 et
1038 2898 1079 2932 in
1103 2898 1150 2932 iis
1173 2898 1362 2932 lectiones
1385 2897 1579 2942 publicas,
1603 2897 1822 2931 secundum
1846 2900 2061 2943 captumw

317 2952 570 2993 discentium,
607 2963 655 2987 ea
691 2964 772 2999 qua
808 2956 986 2990 maxima
1021 2958 1191 3000 possunt
1227 2954 1431 2999 diligentia
1469 2954 1697 2995 instituent,
1734 2955 2012 2990 exercitationi

317 3012 539 3046 iuventutis
561 3013 827 3059 undequaque
849 3014 1101 3054 confluentis,
1123 3014 1343 3048 secundum
1366 3014 1600 3048 institutum
1622 3024 1739 3048 suum
1762 3015 2011 3054 incumbent.

318 3073 363 3104 ut
385 3080 432 3104 ea
453 3070 494 3104 in
516 3070 668 3115 pietate
689 3071 805 3106 iuxta
825 3077 867 3106 et
888 3073 1073 3107 doctrina
1095 3083 1141 3107 ac
1163 3072 1339 3106 moribus
1360 3075 1466 3106 recte
1488 3071 1683 3117 proficiat.

444 3127 459 3149 ⁸
485 3128 663 3173 Meghalt
688 3129 908 3166 Paduaban
939 3140 1032 3175 1577
1060 3128 1266 3176 januarius
1295 3129 1419 3172 19-(3n.
