2188 3535
371 204 441 246 303
1114 191 1188 225 No.
1233 200 1305 225 100
1721 188 1836 235 [1583
1870 188 1976 223 decz.
2011 199 2061 235 29

372 322 631 365 absterreat,
658 327 793 370 quam
822 310 931 366 quid
962 307 1155 363 amplius
1187 306 1406 348 aedificet.
1444 306 1608 361 Itaque
1640 305 1765 348 omni
1797 320 1906 348 cura
1937 305 1983 348 in
2014 306 2061 349 id

371 389 615 435 incumbat,
642 390 690 426 ut
721 383 895 423 illorum
928 378 1164 420 hominum
1197 376 1371 419 animos
1405 376 1464 418 ad
1496 376 1757 432 religionem
1790 377 2061 420 catholicam

370 460 570 504 lenitate,
618 451 1030 504 commoditateque
1077 462 1158 489 sua
1203 447 1414 502 pelliciat,
1462 461 1553 489 non
1599 452 1756 489 autem
1802 447 2063 503 disciplinae

372 528 615 584 asperitate
636 524 873 569 deterreat,
896 533 1035 575 quam
1056 523 1214 573 postea
1234 518 1367 559 rebus
1387 517 1547 560 melius
1567 517 1760 560 firmatis
1779 517 2064 561 introducere

373 597 550 655 poterit.
585 596 652 636 Ea
683 597 801 640 sunt,
835 591 890 632 de
921 589 1085 645 quibus
1116 590 1254 631 Donem
1284 589 1431 630 Tuam
1475 588 1812 631 admonendam
1852 589 2064 632 duximus
2094 605 2112 632 5

372 674 416 711 et
444 669 488 708 in
516 665 679 721 quibus
706 665 891 718 propter
917 659 1082 702 Christi
1108 659 1213 701 fidei
1241 659 1572 701 incrementum
1601 659 1660 701 ab
1687 659 1763 701 illa
1790 659 1992 702 studium
2019 664 2065 702 et

370 751 550 794 operam
583 733 787 776 collocari
820 731 1041 773 volumus.
1078 731 1200 772 Bene
1234 729 1498 772 Dominatio
1531 731 1634 772 Tua
1666 730 1830 772 valeat.

496 808 642 848 Datae
667 805 867 850 Brestae,
895 802 965 843 die
991 802 1029 843 8.
1058 800 1224 843 mensis
1250 800 1534 843 Novembris.
1566 802 1703 843 Anno
1730 801 1913 844 Domini
1940 801 2063 856 1583.

374 877 514 933 Regni
548 890 653 918 vero
688 873 829 916 nostri
863 877 1041 914 octavo.

498 947 755 1002 Stephanus
788 946 887 987 Rex
918 957 1031 998 mpr.
2081 958 2115 987 10

493 1050 703 1090 Kiilczime
722 1062 734 1087 .·
759 1047 996 1087 Venerabili
1018 1047 1136 1086 Patri
1160 1046 1291 1086 Paulo
1315 1047 1544 1098 Campano,
1570 1046 1824 1086 Provinciali
1847 1046 2069 1086 Soeietatis

370 1113 483 1164 Jesu,
517 1111 670 1150 devote
701 1108 822 1147 nobis
853 1107 1019 1146 dilecto.

771 1199 961 1242 (Eredeti‚
991 1210 1014 1232 a
1043 1198 1338 1243 Jezsuita-rend
1364 1197 1670 1239 leveltaraban.)

491 1288 756 1339 Megjegyze's.
789 1286 825 1324 A
845 1286 984 1337 kiraly
1009 1298 1058 1324 ez
1085 1284 1373 1325 utasitasabol
1403 1285 1447 1323 P.
1478 1286 1637 1325 Szanto
1669 1285 1819 1324 Istvan
1851 1286 2071 1336 panaszai-

372 1349 456 1387 nak
484 1348 675 1387 szelleme
704 1345 957 1385 tukroz6dik
987 1345 1139 1389 viss2a,
1163 1357 1187 1383 a
1209 1345 1320 1396 mely
1341 1350 1453 1384 most
1483 1344 1880 1384 diadalmaskodott
1902 1344 2069 1389 azaltal,
2085 1355 2119 1383 15

373 1409 487 1460 hogy
525 1406 676 1456 Wujek
714 1406 884 1457 helyere
923 1405 1036 1443 olasz
1077 1405 1223 1443 rektor
1267 1403 1405 1444 keriilt
1434 1417 1453 1443 s
1485 1404 1575 1443 vele
1605 1417 1629 1443 a
1660 1403 1821 1456 lengyel
1862 1404 2071 1456 jezsuitak

373 1466 838 1506 hatalmaskodasanak
867 1465 991 1516 veget
1021 1468 1175 1504 vetett.

1174 1615 1272 1658 100.

886 1717 1048 1764 Kassa,
1084 1717 1197 1769 1583
1227 1716 1462 1757 deczember
1493 1727 1560 1770 29.

662 1822 705 1860 P.
737 1820 964 1859 Possevino
992 1819 1123 1859 Antal
1150 1820 1343 1871 Bathory
1373 1819 1521 1858 Istvan
1549 1819 1783 1871 kiralynak.
2088 1833 2123 1861 20

504 1915 538 1954 A
577 1915 796 1954 kolozsvciri
828 1915 1119 1954 szemindrium
1152 1918 1267 1966 iigye.
1316 1914 1549 1965 Fe7·leszt‹}se
1595 1914 1805 1953 erdekeben
1847 1914 1945 1961 kari,
1980 1915 2077 1966 adja

378 1975 494 2013 lzozzci
523 1988 546 2012 a
575 1975 857 2013 Domonkosok
885 1974 1058 2026 hajdani
1085 1974 1281 2025 za'rdcija‘t,
1311 1973 1489 2025 melyben
1518 1978 1618 2013 most
1647 1987 1693 2013 az
1721 1974 1943 2013 aria‘nusok
1972 1974 2076 2014 isko-

377 2033 462 2085 la'ja
498 2047 587 2072 van.

513 2128 810 2171 Seminarium
849 2143 956 2171 vero
995 2129 1136 2171 allata
1174 2129 1377 2184 pecunia,
1418 2129 1609 2171 institui.
1652 2129 1890 2185 Operarios
1930 2130 2078 2172 Roma

384 2199 620 2254 procuravi
657 2200 931 2255 insigniores.
979 2201 1186 2256 Quatuor
1222 2200 1338 2242 fabri
1376 2200 1561 2242 murarii
1599 2200 1758 2242 statim
1794 2205 1900 2242 sunt
1938 2200 2073 2243 missi.
2089 2212 2124 2240 25

381 2270 499 2311 Mille
513 2270 622 2312 alios
636 2271 838 2319 florenos,
857 2272 916 2313 ab
932 2270 1026 2313 eius
1042 2271 1334 2314 Beatitudine
1352 2271 1551 2326 acceptis
1567 2271 1636 2313 his
1652 2271 1893 2322 mensibus,
1913 2271 2078 2327 quibus

383 2340 453 2382 hic
491 2356 649 2384 maneo
682 2341 795 2384 misi.
837 2342 1125 2384 Domuncula
1163 2356 1266 2383 cum
1305 2347 1420 2384 esset
1460 2342 1743 2397 Claudiopoli
1782 2343 1859 2384 vix
1897 2347 2079 2385 extorta

385 2416 429 2451 et
464 2412 618 2466 paucis
648 2413 876 2468 capiendis
907 2417 1029 2468 apta,
1055 2412 1355 2455 necessarium
1388 2412 1486 2458 fuit,
1512 2418 1563 2454 ut
1598 2413 1939 2462 instauraretur,
1975 2427 2078 2456 cum

386 2496 540 2523 omncs
576 2483 634 2524 ad
669 2489 863 2525 mortem
899 2483 1070 2525 alumni
1106 2498 1161 2525 ex
1196 2483 1377 2525 ruinoso
1414 2488 1459 2525 et
1495 2488 1672 2526 terreno
1708 2484 1911 2526 aedificio
1947 2484 2078 2526 decu-

387 2551 601 2601 buissent,
636 2554 709 2595 alii
740 2554 1001 2596 obivissent.
2092 2567 2128 2594 3⁰

518 2624 778 2673 Duodecim,
805 2640 918 2680 quos
940 2625 1178 2667 consiliarii
1205 2625 1517 2680 promiserant,
1555 2640 1790 2681 nunquam
1824 2625 1933 2668 dati.
1969 2625 2080 2667 Aliis

392 2693 609 2745 patebant
639 2695 765 2736 sores.
796 2696 895 2737 Misi
923 2695 968 2737 in
998 2696 1222 2744 Russiam,
1252 2701 1304 2737 ut
1332 2695 1435 2738 inde
1463 2696 1602 2751 aliqui
1629 2696 1674 2738 in
1702 2696 2079 2751 Transylvaniam

390 2761 687 2812 mitterentur,
732 2781 924 2821 quorum
966 2767 1063 2808 loco
1105 2767 1405 2822 Transylvani
1452 2768 1523 2821 (ne
1565 2767 1623 2808 ab
1664 2766 1902 2808 haereticis
1944 2781 2079 2809 vexa-

389 2834 555 2885 rentur)
596 2835 920 2889 ablegarentur,
959 2837 1019 2879 ad
1054 2842 1234 2892 tempus
1270 2837 1328 2878 ad
1363 2837 1451 2879 alia
1487 2837 1728 2879 seminaria
1763 2837 1998 2892 pontificia
2033 2842 2078 2879 et

388 2901 492 2943 hinc
525 2903 633 2945 alios
666 2906 724 2946 ad
757 2907 913 2949 eadem
948 2907 1186 2949 seminaria
1220 2907 1341 2948 mitti
1376 2921 1544 2949 curo..
1571 2910 1601 2948 .1
2092 2920 2129 2948 35

525 2975 713 3027 Quando
747 2982 848 3031 post
882 2993 1049 3033 paucos
1082 2991 1256 3019 menses
1290 2992 1434 3019 annus
1468 2978 1734 3020 absolvetur
1767 2979 2080 3021 conductionis

520 3084 529 3103 ¹
560 3086 614 3118 ΑΖ
640 3086 689 3119 itt
713 3089 920 3135 clhagyott
943 3092 1060 3125 sorok
1084 3112 1133 3115 —
1157 3101 1245 3135 meg
1270 3101 1292 3124 a
1317 3091 1417 3125 level
1440 3092 1555 3125 tobbi
1581 3092 1701 3126 reszei
1724 3113 1773 3117 —
1797 3093 1881 3127 mas
1905 3093 2081 3139 targyrol

392 3142 566 3176 szolnak.
