2188 3535
125 170 222 213 1580
249 167 331 212 J'an.
366 168 405 213 7]
894 168 969 201 No.
1005 180 1054 213 29
1769 174 1814 214 85

120 284 361 327 residentia
382 289 488 327 sunt
511 290 572 336 et,
594 290 647 327 ut
675 286 957 328 commodius
984 300 1036 328 ac
1062 285 1226 328 rectius
1253 285 1338 328 sibi
1365 286 1625 329 commissos
1651 288 1816 343 guber-

120 369 227 398 nare
263 355 428 405 valeat,
467 356 598 399 iuxta
635 357 863 412 propriam
901 356 1101 399 instituti
1139 356 1375 399 Societatis
1412 357 1647 406 rationem,
1688 358 1808 414 legat

121 425 378 482 frequenter
396 426 757 476 constitutiones,
781 427 963 469 decreta
983 427 1392 482 congregationum,
1410 442 1542 470 suum
1558 433 1603 470 et
1621 428 1811 471 aliorum

120 496 269 538 officia
302 511 353 538 ac
387 497 563 553 regulas
598 501 644 539 et
678 498 831 540 omnia
865 498 949 540 sibi
985 498 1144 540 reddat
1179 498 1428 541 familiaria.

71 579 89 606 5
249 579 287 609 2.
322 568 634 610 Communiter
670 573 829 610 utatur
865 568 1144 623 benignitate
1182 573 1226 610 et
1264 569 1610 612 mansuetudine
1646 570 1692 612 in
1729 584 1812 613 sua

120 638 443 693 gubernatione
475 643 534 688 et,
578 639 613 681 si
657 639 840 694 quando
882 639 1139 682 adhibenda
1180 639 1327 689 fuerit,
1363 640 1513 696 aliqua
1555 641 1811 683 severitatis

120 707 377 758 acrimonia,
430 714 483 751 ut
521 724 850 765 nonnunquam
888 724 990 752 cum
1028 710 1253 765 aliquibus
1290 725 1403 766 opus
1440 715 1520 760 est,
1561 711 1812 754 curandum

121 783 275 821 tamen
305 784 385 829 est,
419 784 471 822 ut
500 780 578 823 illa
607 780 885 836 intelligatur
913 794 1090 836 semper
1118 780 1336 835 proficisci
1366 795 1393 823 a
1422 781 1582 836 spiritu
1611 781 1813 824 lenitatis

121 854 166 891 et
199 864 363 905 magno
397 851 570 901 salutis,
609 855 654 893 et
688 851 978 907 profectionis
1012 851 1298 893 subditorum
1332 851 1561 894 desiderio.

72 932 107 959 10
249 933 287 973 3.
324 922 574 977 Praecipua
601 936 707 964 vero
734 922 874 977 ipsius
901 937 1007 964 cura
1034 926 1078 963 et
1108 921 1360 963 sollicitudo
1388 936 1481 964 esse
1508 923 1656 971 debet,
1686 927 1738 964 ut
1766 923 1813 964 in

121 1005 202 1033 sua
249 992 549 1048 occupatione
600 993 838 1048 praecipue
887 997 1144 1048 occupetur,
1195 1006 1276 1034 nec
1325 992 1421 1034 aliis
1470 992 1814 1049 quibuscunque

120 1063 495 1118 occupationibus
538 1063 607 1106 ita
649 1078 695 1105 se
738 1064 889 1112 dedat,
934 1068 986 1105 ut
1029 1077 1136 1105 cura
1178 1062 1422 1118 spiritualis
1465 1067 1510 1104 et
1553 1063 1814 1118 temporalis

121 1132 314 1176 fratrum
346 1134 509 1190 negligi
541 1134 767 1183 Videatur,
801 1139 853 1176 ut
886 1134 1005 1176 enim
1037 1133 1175 1176 animi
1207 1133 1493 1174 subditorum
1525 1134 1816 1175 vehementer

121 1202 353 1259 eriguntur
385 1209 430 1246 et
464 1206 584 1247 fiunt
617 1209 828 1261 prompte
860 1205 1133 1252 obedientes
1159 1218 1262 1245 cum
1291 1203 1584 1258 experiuntur
1615 1203 1816 1258 ipsorum

72 1286 107 1313 15
121 1288 240 1324 cura,
281 1275 391 1317 nihil
429 1290 525 1317 esse
565 1276 797 1331 antiquius
835 1275 1063 1330 superiori,
1104 1274 1170 1316 ita
1207 1273 1404 1316 maxime
1442 1273 1631 1329 deprimi
1670 1274 1815 1316 solent

121 1349 166 1387 et
202 1346 460 1395 abalienari,
499 1361 605 1388 cum
641 1361 741 1388 earn
777 1360 932 1387 curam
967 1345 1127 1401 negligi
1162 1344 1433 1399 intelligunt.

248 1429 289 1471 4.
324 1417 450 1459 Inter
473 1417 576 1467 alia,
602 1431 718 1472 quae
750 1430 1021 1471 magnopere
1053 1416 1197 1457 vitare
1230 1415 1396 1457 debent
1428 1414 1676 1470 superiores
1708 1415 1817 1456 illud

121 1501 263 1529 unum
295 1492 376 1536 est,
410 1492 463 1528 ut
494 1488 555 1529 ab
587 1487 710 1529 omni
741 1487 1053 1541 singularitate
1098 1490 1304 1535 caveant,
1354 1486 1740 1541 quemadmodum
1771 1486 1817 1527 in

121 1556 269 1599 officio
299 1557 486 1599 rectoris
517 1572 616 1613 cap.
654 1570 689 1599 1.
724 1572 911 1599 numero
943 1569 981 1599 2.
1014 1557 1221 1605 habetur,
1255 1556 1379 1612 quod
1408 1556 1444 1597 si
1475 1557 1665 1598 affectae
1696 1556 1815 1598 vale-

72 1640 107 1667 20
120 1627 268 1669 tudini
298 1628 470 1684 aliquid
499 1628 547 1670 in
578 1628 775 1670 Domino
805 1628 1007 1670 dandum
1037 1627 1260 1676 Videatur,
1292 1627 1482 1669 asciscat
1512 1627 1595 1668 sibi
1626 1628 1818 1669 affectae

120 1698 395 1740 valetudinis
419 1699 577 1748 socios,
606 1699 762 1754 quales
787 1703 892 1740 sunt
919 1700 966 1740 P.
995 1698 1252 1740 Ludovicus
1277 1702 1322 1739 et
1348 1699 1405 1739 M.
1435 1698 1635 1752 Joannes
1660 1699 1818 1740 Craco-

120 1769 297 1818 Viensis,
335 1769 425 1825 qui,
457 1774 509 1811 ut
545 1784 572 1812 a
606 1769 797 1812 durioris
832 1769 1134 1811 concoctionis
1170 1768 1280 1810 cibis
1315 1768 1556 1817 abstineat,
1595 1769 1820 1810 curandus

120 1844 202 1890 est,
239 1840 449 1896 quamvis
496 1840 583 1896 ipsi
634 1840 979 1896 quibuscunque
1029 1839 1247 1895 appositis
1297 1839 1459 1894 (qualis
1504 1843 1571 1881 est
1618 1839 1818 1894 ipsorum

120 1911 356 1966 modestia)
404 1916 707 1954 vescerentur.
755 1911 1009 1953 Meminerit
1052 1911 1190 1953 etiam
1234 1911 1281 1952 P.
1328 1909 1549 1952 Lelesium
1592 1925 1681 1951 non
1723 1924 1818 1951 esse

73 1993 108 2021 25
120 1982 451 2024 numerandum
482 1982 605 2024 inter
636 1982 917 2024 fortissimos.

249 2063 287 2106 5.
324 2053 378 2095 In
415 2053 800 2109 reprehendendis
842 2058 922 2095 aut
954 2052 1193 2109 puniendis
1230 2051 1515 2094 subditorum
1553 2050 1817 2098 defectibus

120 2128 279 2166 caveat
315 2138 370 2166 ne
411 2124 731 2180 impatientiae
763 2124 898 2166 ullius
930 2124 1056 2179 signa
1088 2124 1179 2173 det,
1214 2127 1455 2178 menteque
1487 2126 1818 2177 praeoccupata

121 2199 226 2249 agat
252 2199 332 2237 aut
358 2194 498 2237 etiam
525 2210 658 2251 agere
683 2195 909 2245 videatur,
937 2209 1110 2237 memor
1129 2193 1379 2236 sententiae
1396 2192 1503 2234 Divi
1522 2191 1648 2233 Pauli
1674 2191 1821 2233 dicen-

120 2264 178 2306 tis
198 2279 205 2306 :
232 2265 285 2308 Si
309 2267 407 2321 quis
430 2267 544 2308 inter
568 2281 641 2308 vos
663 2271 1005 2322 praeoccupatus
1028 2271 1099 2313 est,
1127 2265 1340 2307 eiusmodi
1361 2264 1562 2305 instruite
1584 2264 1633 2304 in
1656 2263 1818 2316 spiritu

74 2336 322 2378 mendatis.
393 2337 513 2379 Nam
584 2336 845 2379 huiusmodi
895 2336 1259 2392 reprehensiones
1310 2338 1355 2375 et
1406 2332 1621 2388 punitiae,
1675 2331 1817 2373 veluti

121 2406 367 2449 medicinae
403 2421 497 2449 esse
535 2408 720 2457 debent,
759 2422 876 2464 quae
912 2407 1167 2450 animarum
1203 2403 1461 2447 vulneribus
1497 2402 1814 2449 adhibeantur,

121 2491 236 2532 quae
269 2482 400 2520 tanto
434 2478 642 2521 utiliores
676 2493 771 2521 esse
807 2478 964 2527 solent,
1003 2481 1175 2533 quanto
1210 2473 1457 2531 purgatiori
1491 2473 1641 2515 animo
1676 2477 1722 2514 et
1757 2473 1816 2514 ab

119 2547 387 2591 inordinatis
419 2549 665 2591 affectibus
698 2564 845 2591 vacuo
879 2549 1175 2604 applicantur.

248 2619 287 2661 6.
321 2619 486 2662 Visitet
519 2620 784 2676 frequenter
815 2620 1023 2668 culinam,
1057 2615 1342 2660 refectorium
1373 2619 1418 2657 et
1449 2614 1536 2656 alia
1566 2614 1664 2656 loca
1694 2627 1813 2655 com-

76 2689 276 2732 35munia
312 2689 483 2746 collegii
520 2705 573 2733 ac
612 2690 808 2733 fratrum
846 2690 1065 2738 cubicula,
1098 2692 1142 2729 et
1175 2701 1329 2729 eorum
1364 2685 1654 2727 necessitates
1690 2688 1817 2726 curet

122 2759 285 2803 habere
300 2765 575 2817 perspectas,
596 2761 809 2817 idemque
825 2776 903 2817 per
918 2759 1173 2802 ministrum
1190 2756 1359 2811 collegii
1379 2755 1578 2811 (quando
1595 2755 1819 2798 Dominus

122 2828 247 2873 illum
283 2831 523 2874 concedere
563 2831 840 2888 dignabitur)
883 2831 977 2873 fieri
1014 2833 1205 2884 satagat,
1244 2831 1295 2868 ut
1332 2826 1486 2869 omnia
1523 2826 1735 2868 decenter
1771 2829 1816 2865 et

122 2900 326 2944 ordinate
354 2903 480 2945 fiant.

123 2974 1820 3049 sm

76 3053 176 3082 4ocz.
209 3050 328 3084 mfive
361 3051 567 3093 (briisszeli
604 3052 776 3095 1877-iki
804 3051 858 3084 II.
879 3049 1063 3090 kiadasa)
1082 3048 1142 3081 66.
1165 3047 1205 3081 es
1230 3047 1311 3081 186.
1332 3047 1356 3080 1.
1379 3045 1593 3089 meltatja;
1623 3044 1670 3077 de
1702 3043 1819 3076 hibas

122 3106 168 3129 az
187 3106 211 3130 a
228 3096 475 3141 kijelentese‚
506 3099 639 3143 hogy:
673 3098 828 3132 Deinde
858 3098 898 3130 in
924 3094 1215 3139 Transylvania
1241 3093 1537 3137 Sigismundum
1559 3090 1821 3143 'Ba-thomum,

122 3143 331 3187 postulatu
356 3144 549 3190 Stephani
577 3146 766 3180 Poloniae
791 3145 904 3189 regis,
935 3143 986 3178 ad
1015 3143 1151 3177 literas
1179 3144 1220 3175 et
1248 3141 1444 3186 pietatem
1473 3140 1662 3172 instltult.
