2188 3535
132 219 222 263 1581
259 214 355 260 maj.
395 216 455 259 12]
893 213 967 249 No.
1001 225 1052 258 49
1751 222 1821 255 129

125 333 297 382 dendis,
330 332 440 375 dum
470 331 668 387 pietatis,
700 330 924 386 religionis
954 345 1006 373 ac
1036 331 1259 373 bonorum
1289 345 1466 373 morum
1497 330 1822 386 propagatione

124 405 183 447 ab
207 418 260 446 ea
283 402 504 459 praestari
528 401 677 451 debet,
705 415 785 457 pro
810 407 966 443 nostra
989 401 1036 443 in
1059 401 1331 457 religionem,
1358 401 1646 444 humaniores
1669 401 1823 444 literas

124 479 168 517 et
192 474 339 530 ipsam
362 472 644 529 provinciam
667 476 871 514 nostram
894 472 1263 529 Transylvaniae,
1289 472 1416 514 cuius
1439 471 1589 522 saluti,
1615 471 1820 521 utilitati,

122 544 401 588 humanitati
430 558 482 586 ac
511 543 789 585 ornamentis
821 543 1050 585 consulere
1078 544 1163 586 hac
1192 543 1239 585 in
1268 557 1313 585 re
1343 542 1582 592 voluimus,
1614 556 1670 585 ex
1699 547 1824 585 certa

75 633 92 660 5
122 615 310 658 scientia
342 619 511 663 nostra,
548 613 790 669 animoque
822 614 936 656 bene
969 613 1217 656 deliberato
1251 618 1296 656 et
1330 618 1510 656 maturo
1544 613 1742 663 consilio,
1777 613 1823 655 in

121 686 232 741 Jesu
259 685 424 729 Christi
451 684 635 727 Domini
656 684 798 726 nostri
829 698 956 726 sacro
983 689 1141 728 sancto
1169 683 1362 734 nomine,
1386 684 1432 726 in
1454 684 1641 727 civitate
1667 688 1824 727 nostra

122 756 518 812 Claudiopolitana
562 755 672 798 alias
718 755 932 797 Colosvar
975 760 1253 811 nuncupata,
1301 754 1538 810 collegium
1584 754 1822 798 Societatis

122 828 232 882 Jesu
281 827 540 876 fundamus,
592 825 796 875 facimus,
846 825 1141 875 instituimus
1192 825 1454 868 ordinamus
1502 831 1547 868 et
1596 825 1820 881 erigimus,

122 903 167 940 et
193 898 337 948 bonis,
365 897 710 953 redditibusque
735 895 1033 952 infrascriptis
1059 897 1295 939 afficimus.
1332 897 1481 952 Quam
1507 896 1823 939 fundationem

74 984 109 1012 10
122 968 352 1025 perpetuis
385 967 550 1010 futuris
583 967 864 1023 temporibus
897 972 941 1009 et
974 967 1021 1009 in
1052 981 1185 1010 omne
1218 981 1383 1010 aevum
1416 967 1564 1009 valere
1596 967 1820 1016 volumus,

122 1040 426 1082 attribuentes
452 1038 672 1095 imprimis
700 1038 958 1094 praedictae
986 1038 1202 1080 Societati
1229 1039 1352 1092 Jesu,
1394 1037 1635 1079 accedente
1663 1037 1823 1079 autho-

121 1110 258 1153 ritate
291 1110 567 1166 Apostolica,
602 1109 929 1152 monasterium
962 1109 1192 1151 desertum
1223 1108 1331 1150 olim
1364 1107 1533 1150 ordinis
1566 1107 1823 1150 Francisca-

122 1195 285 1224 norum
300 1183 317 1209 1
337 1181 544 1230 fratrum,
567 1180 840 1223 liberalitate
855 1194 1010 1235 regum
1026 1179 1286 1235 Hungariae
1307 1183 1583 1227 extructum,
1605 1178 1652 1220 in
1672 1178 1823 1233 platea

122 1253 433 1300 Farkas-ucza,
464 1265 594 1294 muro
622 1251 823 1293 civitatis
851 1251 1129 1306 contiguum,
1160 1264 1264 1292 cum
1292 1249 1476 1305 templo,
1507 1248 1664 1298 hortis,
1695 1248 1821 1297 areis,

74 1339 109 1367 15
123 1323 324 1366 turribus
349 1328 489 1379 atque
515 1322 628 1364 adeo
654 1321 762 1364 locis
788 1321 998 1364 omnibus
1025 1320 1461 1369 circumiacentibus,
1490 1319 1621 1361 iuxta
1646 1319 1825 1362 moenia

122 1394 336 1443 civitatis,
378 1394 425 1435 in
464 1407 658 1449 quorum
698 1406 782 1434 usu
814 1406 866 1434 ac
897 1392 1176 1447 possessione
1218 1391 1356 1445 [olim]
1402 1390 1623 1446 praedicti
1662 1389 1824 1432 fratres

122 1466 158 1507 F
160 1464 410 1507 ranciscani
459 1463 715 1519 antiquitus
765 1462 948 1504 fuerunt
970 1476 979 1512 ;
1032 1468 1266 1518 praeterea
1315 1461 1503 1504 domum
1552 1460 1822 1516 proximam,

121 1535 167 1577 in
190 1549 282 1592 qua
304 1535 411 1577 olim
434 1534 664 1589 religiosae
688 1533 882 1589 virgines
905 1533 1194 1582 habitabant,
1221 1538 1273 1575 ut
1296 1533 1342 1574 in
1366 1547 1419 1575 ea
1441 1532 1595 1574 schola
1617 1531 1824 1574 aedifica-

120 1611 256 1656 retur,
287 1620 392 1648 cum
420 1605 631 1647 omnibus
658 1605 792 1646 rebus
820 1604 879 1646 ad
907 1618 1008 1646 eam
1035 1604 1447 1660 quomodocunque
1475 1602 1822 1658 pertinentibus,

72 1677 364 1720 aoliberantes
390 1676 549 1718 eadem
573 1676 672 1718 loca
697 1680 742 1718 et
767 1675 914 1731 ipsam
940 1674 1215 1717 Societatem
1240 1675 1363 1729 Jesu,
1392 1675 1450 1716 ab
1475 1673 1600 1716 omni
1623 1673 1825 1716 iurisdic-

120 1748 257 1798 tione,
291 1761 424 1790 onere
456 1752 501 1789 et
533 1746 753 1789 servitute
780 1746 913 1795 civili,
942 1759 1181 1788 causarum
1213 1745 1417 1788 omnium
1450 1744 1748 1787 saecularium
1780 1749 1824 1786 et

120 1833 289 1868 earum,
311 1832 428 1875 quae
447 1817 532 1860 fori
551 1816 840 1860 ecclesiastici
858 1831 950 1859 non
969 1822 1102 1859 erunt
1123 1831 1132 1867 ;
1155 1816 1388 1859 notionem
1407 1820 1592 1858 tantum
1612 1815 1824 1858 Illustris-

120 1890 233 1932 simo
265 1889 498 1946 praedicto
531 1888 660 1930 fratri
692 1892 847 1930 nostro
879 1887 1154 1937 charissimo,
1189 1887 1462 1943 reliquisque
1493 1886 1824 1929 successoribus

120 1961 286 2003 nostris
312 1965 607 2003 reservantes.
638 1960 703 2002 Ut
731 1973 837 2001 vero
863 1958 940 2001 isti
967 1958 1152 2014 collegio
1180 1973 1206 2000 a
1233 1958 1376 2007 nobis,
1406 1963 1458 2000 ut
1486 1972 1623 2013 supra
1650 1957 1825 2000 dictum

71 2046 107 2074 25
121 2037 200 2082 est,
219 2031 446 2080 instituto,
465 2030 575 2072 nihil
590 2030 650 2072 ad
664 2030 775 2079 iura,
793 2035 1074 2079 ornamenta,
1094 2029 1486 2085 praeeminentias,
1511 2029 1571 2071 ad
1586 2032 1824 2071 consuetu-

121 2102 272 2145 dinem
298 2102 574 2158 reliquarum
601 2101 647 2142 in
673 2101 780 2142 orbe
809 2100 1054 2143 christiano
1073 2100 1435 2151 Academiarum,
1462 2099 1591 2149 desit,
1621 2113 1677 2141 ex
1704 2098 1824 2154 regia

120 2178 277 2216 nostra
292 2172 507 2229 singulari
524 2171 684 2227 gratia,
704 2171 857 2226 vigore
874 2171 1182 2227 praesentium
1198 2171 1445 2213 statuimus
1463 2176 1507 2212 et
1527 2169 1821 2217 decernimus,

119 2249 171 2286 ut
203 2244 282 2300 qui
312 2244 359 2286 in
389 2242 733 2286 humanioribus
765 2242 917 2291 literis,
953 2242 1186 2291 Hebraeis,
1220 2241 1401 2284 Graecis
1433 2246 1478 2282 et
1511 2239 1687 2283 Latinis
1720 2253 1822 2282 cum

119 2315 253 2358 laude
292 2319 500 2358 versatus
539 2313 688 2362 fuerit,
731 2318 775 2354 et
816 2317 975 2368 postea
1014 2313 1074 2355 ad
1113 2312 1375 2355 alterutrius
1415 2310 1690 2353 facultatum
1728 2309 1823 2352 sive

70 2385 401 2441 30Theologiae,
419 2385 513 2427 sive
530 2383 846 2439 Philosophiae
870 2383 1116 2439 fastigium,
1142 2382 1420 2438 argumentis
1443 2381 1567 2438 prius
1590 2379 1822 2423 doctrinae

119 2470 227 2499 suae
252 2456 399 2506 editis,
426 2455 592 2498 iudicio
617 2454 790 2509 collegii
815 2454 1048 2509 pervenire
1073 2453 1281 2502 voluerit,
1309 2453 1369 2495 ad
1392 2452 1559 2508 gradus
1583 2456 1628 2494 et
1654 2452 1822 2494 Bacca-

119 2527 363 2577 laureatus,
398 2532 443 2569 et
478 2524 738 2582 Magisterii,
782 2530 827 2566 et
870 2526 1148 2567 Doctoratus
1190 2523 1446 2579 promoveri
1487 2522 1643 2578 possit.
1695 2523 1822 2578 Quae

120 2598 304 2654 quidem
352 2597 592 2654 promotio,
643 2595 934 2638 tantumdem
976 2595 1096 2644 iuris,
1141 2594 1389 2650 dignitatis,
1425 2592 1819 2649 praeeminentiae,

121 2669 376 2712 ornamenti
416 2668 599 2716 habeat,
643 2671 869 2723 quantum
910 2665 1166 2707 istiusmodi
1207 2664 1515 2720 promotiones
1555 2663 1602 2706 in
1644 2663 1818 2713 Italiae,

70 2753 107 2781 35
121 2740 305 2789 GaHiae,
327 2739 576 2795 Hispaniae
596 2743 640 2780 et
661 2737 928 2780 Germaniae
949 2736 1204 2784 academiis,
1241 2735 1296 2777 de
1315 2735 1410 2777 iure
1429 2739 1474 2777 et
1494 2734 1820 2777 consuetudine

120 2811 285 2853 habere
315 2811 461 2853 solent
491 2814 537 2852 et
567 2813 771 2865 possunt.
812 2807 946 2863 Quod
974 2812 1026 2849 ut
1058 2806 1338 2848 authoritate
1370 2805 1602 2848 Pontificis
1633 2804 1822 2848 Maximi

121 2881 351 2924 sanciatur
379 2886 424 2923 et
453 2879 687 2937 privilegia
715 2879 861 2921 iustae
891 2877 1200 2920 universitatis
1230 2878 1315 2919 hoc
1347 2876 1583 2932 collegium
1611 2875 1735 2919 omni
1764 2889 1820 2918 ex

121 2956 251 3007 parte
274 2952 495 3001 obtineat,
521 2950 645 3006 apud
668 2949 820 2992 sedem
844 2948 1155 3004 Apostolicam
1177 2947 1539 2990 contendemus.²
1564 2948 1650 2990 Pro
1675 2946 1820 2989 Socie-

252 3064 266 3085 ¹
293 3064 388 3098 Elsc'S
424 3065 631 3108 (1580-iki)
665 3063 913 3107 szovegeben
947 3062 1142 3097 hibasan:
1179 3061 1529 3096 Bernardinorum.

72 3131 109 3158 40
250 3121 264 3142 ²
292 3122 349 3156 Ez
378 3121 652 3168 alapito-level
680 3120 881 3155 Vilnaban
909 3120 993 3154 kelt
1018 3121 1113 3164 1580
1136 3119 1267 3164 majus
1302 3119 1420 3154 18—iki
1449 3118 1530 3153 elso
1558 3116 1816 3162 szovegeben.

121 3199 172 3206 -
201 3181 308 3226 mely
339 3181 383 3215 P.
414 3181 562 3226 Wujek
592 3180 726 3226 Jakab
754 3179 977 3215 kolozsvari
1007 3180 1142 3214 rektor
1171 3177 1451 3213 masolataban
1481 3188 1505 3212 a
1533 3175 1817 3222 jezsuita-rend

193 3262 299 3287 Fontae
317 3261 424 3287 Rerum
439 3261 726 3294 Transyivaniearum
750 3260 775 3287 1.
1652 3257 1676 3289 9
