<?xml version="1.0" encoding="UTF-8"?>
<!DOCTYPE html PUBLIC "-//W3C//DTD XHTML 1.0 Transitional//EN"
    "http://www.w3.org/TR/xhtml1/DTD/xhtml1-transitional.dtd">
<html xmlns="http://www.w3.org/1999/xhtml" xml:lang="en" lang="en">
 <head>
  <title>
</title>
<meta http-equiv="Content-Type" content="text/html;charset=utf-8" />
  <meta name='ocr-system' content='tesseract 3.04.00' />
  <meta name='ocr-capabilities' content='ocr_page ocr_carea ocr_par ocr_line ocrx_word'/>
</head>
<body>
  <div class='ocr_page' id='page_1' title='image "./epistolaeetactaj01vereuoft_0292.png"; bbox 0 0 2188 3535; ppageno 0'>
   <div class='ocr_carea' id='block_1_1' title="bbox 325 131 2005 182">
    <p class='ocr_par' dir='ltr' id='par_1_1' title="bbox 325 131 2005 182">
     <span class='ocr_line' id='line_1_1' title="bbox 325 131 2005 182; baseline -0.001 -17"><span class='ocrx_word' id='word_1_1' title='bbox 325 148 395 182; x_wconf 78' lang='lat'>232</span> <span class='ocrx_word' id='word_1_2' title='bbox 1089 132 1162 165; x_wconf 79' lang='lat' dir='ltr'>No.</span> <span class='ocrx_word' id='word_1_3' title='bbox 1193 133 1238 176; x_wconf 86' lang='lat'>78</span> <span class='ocrx_word' id='word_1_4' title='bbox 1691 132 1806 177; x_wconf 84' lang='lat'>[1582</span> <span class='ocrx_word' id='word_1_5' title='bbox 1838 131 1920 165; x_wconf 83' lang='lat' dir='ltr'>okt.</span> <span class='ocrx_word' id='word_1_6' title='bbox 1959 141 2005 175; x_wconf 92' lang='lat'>19</span> 
     </span>
    </p>
   </div>
   <div class='ocr_carea' id='block_1_2' title="bbox 319 247 2073 3138">
    <p class='ocr_par' dir='ltr' id='par_1_2' title="bbox 320 247 2057 798">
     <span class='ocr_line' id='line_1_2' title="bbox 324 247 2001 310; baseline -0.004 -13"><span class='ocrx_word' id='word_1_7' title='bbox 324 260 462 304; x_wconf 88' lang='lat' dir='ltr'>entes,</span> <span class='ocrx_word' id='word_1_8' title='bbox 490 254 611 310; x_wconf 90' lang='lat' dir='ltr'>quod</span> <span class='ocrx_word' id='word_1_9' title='bbox 639 266 753 308; x_wconf 89' lang='lat' dir='ltr'>quae</span> <span class='ocrx_word' id='word_1_10' title='bbox 785 249 932 292; x_wconf 88' lang='lat' dir='ltr'>verbis</span> <span class='ocrx_word' id='word_1_11' title='bbox 963 247 1008 290; x_wconf 92' lang='lat' dir='ltr'>in</span> <span class='ocrx_word' id='word_1_12' title='bbox 1040 247 1252 290; x_wconf 86' lang='lat' dir='ltr'>concione</span> <span class='ocrx_word' id='word_1_13' title='bbox 1284 248 1509 297; x_wconf 77' lang='lat' dir='ltr'>docemUS,</span> <span class='ocrx_word' id='word_1_14' title='bbox 1544 262 1626 291; x_wconf 91' lang='lat' dir='ltr'>nos</span> <span class='ocrx_word' id='word_1_15' title='bbox 1657 248 1818 292; x_wconf 92' lang='lat' dir='ltr'>eadem</span> <span class='ocrx_word' id='word_1_16' title='bbox 1849 247 2001 290; x_wconf 84' lang='lat' dir='ltr'>omnia·</span> 
     </span>
     <span class='ocr_line' id='line_1_3' title="bbox 325 317 2003 374; baseline -0.004 -8"><span class='ocrx_word' id='word_1_17' title='bbox 325 325 454 368; x_wconf 82' lang='lat' dir='ltr'>factis</span> <span class='ocrx_word' id='word_1_18' title='bbox 500 325 736 366; x_wconf 89' lang='lat' dir='ltr'>destruere.</span> <span class='ocrx_word' id='word_1_19' title='bbox 780 320 1062 366; x_wconf 69' lang='lat' dir='ltr'>Praedicatz&#39;s,</span> <span class='ocrx_word' id='word_1_20' title='bbox 1110 317 1336 374; x_wconf 89' lang='lat' dir='ltr'>inquiunt,</span> <span class='ocrx_word' id='word_1_21' title='bbox 1383 320 1487 362; x_wconf 77' lang='lat' dir='ltr'>aliis</span> <span class='ocrx_word' id='word_1_22' title='bbox 1533 320 1883 367; x_wconf 71' lang='lat' dir='ltr'>misericordiaM,</span> <span class='ocrx_word' id='word_1_23' title='bbox 1930 319 2003 360; x_wconf 83' lang='lat' dir='ltr'>sed</span> 
     </span>
     <span class='ocr_line' id='line_1_4' title="bbox 323 389 2004 451; baseline -0.004 -14"><span class='ocrx_word' id='word_1_24' title='bbox 323 397 414 451; x_wconf 73' lang='lat' dir='ltr'>ipsi</span> <span class='ocrx_word' id='word_1_25' title='bbox 442 397 490 437; x_wconf 77' lang='lat' dir='ltr'>in</span> <span class='ocrx_word' id='word_1_26' title='bbox 519 399 672 435; x_wconf 81' lang='lat' dir='ltr'>vestros</span> <span class='ocrx_word' id='word_1_27' title='bbox 702 391 868 432; x_wconf 86' lang='lat' dir='ltr'>colonos</span> <span class='ocrx_word' id='word_1_28' title='bbox 897 389 1098 442; x_wconf 72' lang='lat' dir='ltr'>tyrannis</span> <span class='ocrx_word' id='word_1_29' title='bbox 1128 389 1228 430; x_wconf 72' lang='lat' dir='ltr'>estis</span> <span class='ocrx_word' id='word_1_30' title='bbox 1258 390 1526 432; x_wconf 81' lang='lat' dir='ltr'><em>crudeliores.</em></span> <span class='ocrx_word' id='word_1_31' title='bbox 1558 391 1794 432; x_wconf 80' lang='lat' dir='ltr'><strong><em>Damnatis</em></strong></span> <span class='ocrx_word' id='word_1_32' title='bbox 1820 390 1870 431; x_wconf 79' lang='lat' dir='ltr'>in</span> <span class='ocrx_word' id='word_1_33' title='bbox 1899 389 2004 431; x_wconf 76' lang='lat' dir='ltr'>aliis</span> 
     </span>
     <span class='ocr_line' id='line_1_5' title="bbox 322 459 2005 516; baseline -0.004 -9"><span class='ocrx_word' id='word_1_34' title='bbox 322 467 552 508; x_wconf 79' lang='lat' dir='ltr'>avaritiam</span> <span class='ocrx_word' id='word_1_35' title='bbox 589 468 625 504; x_wconf 80' lang='lat' dir='ltr'>et</span> <span class='ocrx_word' id='word_1_36' title='bbox 670 462 761 516; x_wconf 77' lang='lat' dir='ltr'>ipsi</span> <span class='ocrx_word' id='word_1_37' title='bbox 791 473 930 500; x_wconf 81' lang='lat' dir='ltr'>unum</span> <span class='ocrx_word' id='word_1_38' title='bbox 960 459 1135 500; x_wconf 83' lang='lat' dir='ltr'>obulum</span> <span class='ocrx_word' id='word_1_39' title='bbox 1165 460 1336 502; x_wconf 77' lang='lat' dir='ltr'>miseris</span> <span class='ocrx_word' id='word_1_40' title='bbox 1366 462 1515 503; x_wconf 80' lang='lat' dir='ltr'>vestris</span> <span class='ocrx_word' id='word_1_41' title='bbox 1545 461 1729 503; x_wconf 69' lang='lat' dir='ltr'>subditis</span> <span class='ocrx_word' id='word_1_42' title='bbox 1760 473 1845 502; x_wconf 78' lang='lat' dir='ltr'>non</span> <span class='ocrx_word' id='word_1_43' title='bbox 1874 460 2005 502; x_wconf 82' lang='lat' dir='ltr'>vultis</span> 
     </span>
     <span class='ocr_line' id='line_1_6' title="bbox 322 529 2057 584; baseline -0.002 -6"><span class='ocrx_word' id='word_1_44' title='bbox 322 537 569 578; x_wconf 81' lang='lat' dir='ltr'>condonare.</span> <span class='ocrx_word' id='word_1_45' title='bbox 598 533 693 574; x_wconf 93' lang='lat' dir='ltr'>Has</span> <span class='ocrx_word' id='word_1_46' title='bbox 717 531 774 572; x_wconf 96' lang='lat' dir='ltr'>ob</span> <span class='ocrx_word' id='word_1_47' title='bbox 798 542 956 571; x_wconf 82' lang='lat' dir='ltr'>causas</span> <span class='ocrx_word' id='word_1_48' title='bbox 979 529 1111 584; x_wconf 91' lang='lat' dir='ltr'>pauci</span> <span class='ocrx_word' id='word_1_49' title='bbox 1135 543 1190 572; x_wconf 87' lang='lat' dir='ltr'>ex</span> <span class='ocrx_word' id='word_1_50' title='bbox 1213 530 1450 573; x_wconf 83' lang='lat' dir='ltr'>haereticis</span> <span class='ocrx_word' id='word_1_51' title='bbox 1474 536 1801 574; x_wconf 92' lang='lat' dir='ltr'>convertuntur</span> <span class='ocrx_word' id='word_1_52' title='bbox 1821 544 1829 572; x_wconf 73' lang='grc' dir='ltr'><em>τ</em></span> <span class='ocrx_word' id='word_1_53' title='bbox 1864 530 2005 572; x_wconf 90' lang='lat' dir='ltr'>immo</span> <span class='ocrx_word' id='word_1_54' title='bbox 2037 545 2057 574; x_wconf 89' lang='lat'>5</span> 
     </span>
     <span class='ocr_line' id='line_1_7' title="bbox 322 599 2005 657; baseline -0.002 -10"><span class='ocrx_word' id='word_1_55' title='bbox 322 611 365 648; x_wconf 90' lang='lat' dir='ltr'>et</span> <span class='ocrx_word' id='word_1_56' title='bbox 403 619 456 647; x_wconf 89' lang='lat' dir='ltr'>ex</span> <span class='ocrx_word' id='word_1_57' title='bbox 493 603 574 651; x_wconf 92' lang='lat' dir='ltr'>his,</span> <span class='ocrx_word' id='word_1_58' title='bbox 614 601 690 657; x_wconf 92' lang='lat' dir='ltr'>qui</span> <span class='ocrx_word' id='word_1_59' title='bbox 741 605 868 642; x_wconf 92' lang='lat' dir='ltr'>erant</span> <span class='ocrx_word' id='word_1_60' title='bbox 906 599 1122 649; x_wconf 90' lang='lat' dir='ltr'>conversi,</span> <span class='ocrx_word' id='word_1_61' title='bbox 1163 601 1296 643; x_wconf 90' lang='lat' dir='ltr'>multi</span> <span class='ocrx_word' id='word_1_62' title='bbox 1333 601 1530 644; x_wconf 90' lang='lat' dir='ltr'>vicissim</span> <span class='ocrx_word' id='word_1_63' title='bbox 1567 602 1627 644; x_wconf 93' lang='lat' dir='ltr'>ad</span> <span class='ocrx_word' id='word_1_64' title='bbox 1662 602 1864 644; x_wconf 81' lang='lat' dir='ltr'>haereses</span> <span class='ocrx_word' id='word_1_65' title='bbox 1901 615 2005 643; x_wconf 91' lang='lat' dir='ltr'>suas</span> 
     </span>
     <span class='ocr_line' id='line_1_8' title="bbox 322 670 2005 728; baseline -0.002 -10"><span class='ocrx_word' id='word_1_66' title='bbox 322 675 545 718; x_wconf 90' lang='lat' dir='ltr'>redierunt</span> <span class='ocrx_word' id='word_1_67' title='bbox 573 677 617 715; x_wconf 92' lang='lat' dir='ltr'>et</span> <span class='ocrx_word' id='word_1_68' title='bbox 646 686 700 714; x_wconf 91' lang='lat' dir='ltr'>ex</span> <span class='ocrx_word' id='word_1_69' title='bbox 727 670 892 713; x_wconf 91' lang='lat' dir='ltr'>nostris</span> <span class='ocrx_word' id='word_1_70' title='bbox 918 670 1087 713; x_wconf 90' lang='lat' dir='ltr'>colonis</span> <span class='ocrx_word' id='word_1_71' title='bbox 1114 672 1259 714; x_wconf 90' lang='lat' dir='ltr'>multo</span> <span class='ocrx_word' id='word_1_72' title='bbox 1285 672 1435 728; x_wconf 91' lang='lat' dir='ltr'>plures</span> <span class='ocrx_word' id='word_1_73' title='bbox 1462 677 1567 715; x_wconf 90' lang='lat' dir='ltr'>sunt</span> <span class='ocrx_word' id='word_1_74' title='bbox 1595 671 1820 721; x_wconf 91' lang='lat' dir='ltr'>haeretici,</span> <span class='ocrx_word' id='word_1_75' title='bbox 1866 685 2005 728; x_wconf 92' lang='lat' dir='ltr'>quam</span> 
     </span>
     <span class='ocr_line' id='line_1_9' title="bbox 320 741 1743 798; baseline -0.002 -10"><span class='ocrx_word' id='word_1_76' title='bbox 320 743 540 792; x_wconf 84' lang='lat' dir='ltr'>catholici,</span> <span class='ocrx_word' id='word_1_77' title='bbox 574 742 696 798; x_wconf 92' lang='lat' dir='ltr'>quod</span> <span class='ocrx_word' id='word_1_78' title='bbox 725 741 848 784; x_wconf 91' lang='lat' dir='ltr'>nulla</span> <span class='ocrx_word' id='word_1_79' title='bbox 879 741 969 783; x_wconf 84' lang='lat' dir='ltr'>fere</span> <span class='ocrx_word' id='word_1_80' title='bbox 999 756 1106 784; x_wconf 93' lang='lat' dir='ltr'>cura</span> <span class='ocrx_word' id='word_1_81' title='bbox 1136 742 1295 785; x_wconf 91' lang='lat' dir='ltr'>salutis</span> <span class='ocrx_word' id='word_1_82' title='bbox 1325 758 1480 786; x_wconf 92' lang='lat' dir='ltr'>eorum</span> <span class='ocrx_word' id='word_1_83' title='bbox 1509 744 1743 786; x_wconf 83' lang='lat' dir='ltr'>habeatur.</span> 
     </span>
    </p>

    <p class='ocr_par' dir='ltr' id='par_1_3' title="bbox 319 812 2073 3138">
     <span class='ocr_line' id='line_1_10' title="bbox 437 812 2006 870; baseline -0.001 -13"><span class='ocrx_word' id='word_1_84' title='bbox 437 816 490 857; x_wconf 92' lang='lat' dir='ltr'>In</span> <span class='ocrx_word' id='word_1_85' title='bbox 543 812 832 856; x_wconf 86' lang='lat' dir='ltr'>vicinioribus</span> <span class='ocrx_word' id='word_1_86' title='bbox 893 812 1070 854; x_wconf 88' lang='lat' dir='ltr'>duobus</span> <span class='ocrx_word' id='word_1_87' title='bbox 1123 813 1262 869; x_wconf 88' lang='lat' dir='ltr'>pagis,</span> <span class='ocrx_word' id='word_1_88' title='bbox 1300 814 1484 856; x_wconf 82' lang='lat' dir='ltr'>alternis</span> <span class='ocrx_word' id='word_1_89' title='bbox 1537 813 1785 864; x_wconf 87' lang='lat' dir='ltr'>dominicis,</span> <span class='ocrx_word' id='word_1_90' title='bbox 1823 813 2006 870; x_wconf 92' lang='lat' dir='ltr'>quando</span> 
     </span>
     <span class='ocr_line' id='line_1_11' title="bbox 321 883 2059 942; baseline -0.001 -13"><span class='ocrx_word' id='word_1_91' title='bbox 321 885 613 942; x_wconf 88' lang='lat' dir='ltr'>permittitur,</span> <span class='ocrx_word' id='word_1_92' title='bbox 647 883 870 926; x_wconf 90' lang='lat' dir='ltr'>Martinus</span> <span class='ocrx_word' id='word_1_93' title='bbox 903 883 1039 926; x_wconf 82' lang='lat' dir='ltr'>Undo</span> <span class='ocrx_word' id='word_1_94' title='bbox 1076 884 1381 927; x_wconf 93' lang='lat' dir='ltr'>concionatur.</span> <span class='ocrx_word' id='word_1_95' title='bbox 1421 887 1482 927; x_wconf 92' lang='lat' dir='ltr'>At</span> <span class='ocrx_word' id='word_1_96' title='bbox 1519 885 1565 928; x_wconf 91' lang='lat' dir='ltr'>in</span> <span class='ocrx_word' id='word_1_97' title='bbox 1602 888 1662 940; x_wconf 77' lang='lat' dir='ltr'>4⁰r</span> <span class='ocrx_word' id='word_1_98' title='bbox 1690 884 2008 928; x_wconf 86' lang='lat' dir='ltr'>remotioribus</span> <span class='ocrx_word' id='word_1_99' title='bbox 2022 899 2059 927; x_wconf 84' lang='grc' dir='ltr'>ιο</span> 
     </span>
     <span class='ocr_line' id='line_1_12' title="bbox 319 954 2007 999; baseline -0.001 0"><span class='ocrx_word' id='word_1_100' title='bbox 319 957 394 999; x_wconf 90' lang='lat' dir='ltr'>vix</span> <span class='ocrx_word' id='word_1_101' title='bbox 437 956 483 998; x_wconf 91' lang='lat' dir='ltr'>in</span> <span class='ocrx_word' id='word_1_102' title='bbox 525 955 670 997; x_wconf 91' lang='lat' dir='ltr'>tribus</span> <span class='ocrx_word' id='word_1_103' title='bbox 722 954 950 997; x_wconf 91' lang='lat' dir='ltr'>mensibus</span> <span class='ocrx_word' id='word_1_104' title='bbox 1006 954 1142 996; x_wconf 91' lang='lat' dir='ltr'>semel</span> <span class='ocrx_word' id='word_1_105' title='bbox 1185 955 1236 996; x_wconf 91' lang='lat' dir='ltr'>fit</span> <span class='ocrx_word' id='word_1_106' title='bbox 1280 970 1457 998; x_wconf 86' lang='lat' dir='ltr'>sacrum</span> <span class='ocrx_word' id='word_1_107' title='bbox 1499 961 1543 999; x_wconf 91' lang='lat' dir='ltr'>et</span> <span class='ocrx_word' id='word_1_108' title='bbox 1596 956 1764 999; x_wconf 91' lang='lat' dir='ltr'>concio.</span> <span class='ocrx_word' id='word_1_109' title='bbox 1820 955 2007 998; x_wconf 84' lang='lat' dir='ltr'>Scholae</span> 
     </span>
     <span class='ocr_line' id='line_1_13' title="bbox 320 1026 2010 1083; baseline -0.001 -13"><span class='ocrx_word' id='word_1_110' title='bbox 320 1028 493 1070; x_wconf 92' lang='lat' dir='ltr'>nullum</span> <span class='ocrx_word' id='word_1_111' title='bbox 531 1030 719 1083; x_wconf 85' lang='lat' dir='ltr'>possunt</span> <span class='ocrx_word' id='word_1_112' title='bbox 757 1026 921 1068; x_wconf 89' lang='lat' dir='ltr'>habere</span> <span class='ocrx_word' id='word_1_113' title='bbox 957 1039 1241 1081; x_wconf 90' lang='lat' dir='ltr'>progressum</span> <span class='ocrx_word' id='word_1_114' title='bbox 1279 1031 1324 1068; x_wconf 91' lang='lat' dir='ltr'>et</span> <span class='ocrx_word' id='word_1_115' title='bbox 1362 1026 1706 1077; x_wconf 85' lang='lat' dir='ltr'>incrementum,</span> <span class='ocrx_word' id='word_1_116' title='bbox 1746 1032 1847 1069; x_wconf 92' lang='lat' dir='ltr'>turn</span> <span class='ocrx_word' id='word_1_117' title='bbox 1885 1026 2010 1083; x_wconf 92' lang='lat' dir='ltr'>quod</span> 
     </span>
     <span class='ocr_line' id='line_1_14' title="bbox 320 1096 2010 1152; baseline -0.001 -11"><span class='ocrx_word' id='word_1_118' title='bbox 320 1099 468 1142; x_wconf 93' lang='lat' dir='ltr'>nullus</span> <span class='ocrx_word' id='word_1_119' title='bbox 503 1102 569 1140; x_wconf 94' lang='lat' dir='ltr'>est</span> <span class='ocrx_word' id='word_1_120' title='bbox 605 1112 659 1139; x_wconf 83' lang='lat' dir='ltr'>ex</span> <span class='ocrx_word' id='word_1_121' title='bbox 696 1096 921 1152; x_wconf 84' lang='lat' dir='ltr'>magistris</span> <span class='ocrx_word' id='word_1_122' title='bbox 958 1097 1169 1152; x_wconf 90' lang='lat' dir='ltr'>Ungarus</span> <span class='ocrx_word' id='word_1_123' title='bbox 1203 1101 1248 1139; x_wconf 91' lang='lat' dir='ltr'>et</span> <span class='ocrx_word' id='word_1_124' title='bbox 1283 1097 1422 1140; x_wconf 93' lang='lat' dir='ltr'>latine</span> <span class='ocrx_word' id='word_1_125' title='bbox 1458 1102 1548 1140; x_wconf 91' lang='lat' dir='ltr'>tres</span> <span class='ocrx_word' id='word_1_126' title='bbox 1583 1098 1813 1140; x_wconf 80' lang='lat' dir='ltr'>inferiores</span> <span class='ocrx_word' id='word_1_127' title='bbox 1847 1097 2010 1140; x_wconf 88' lang='lat' dir='ltr'>classes</span> 
     </span>
     <span class='ocr_line' id='line_1_15' title="bbox 321 1167 2010 1226; baseline -0.002 -13"><span class='ocrx_word' id='word_1_128' title='bbox 321 1184 482 1226; x_wconf 91' lang='lat' dir='ltr'>parum</span> <span class='ocrx_word' id='word_1_129' title='bbox 517 1168 800 1224; x_wconf 90' lang='lat' dir='ltr'>intelligunt:</span> <span class='ocrx_word' id='word_1_130' title='bbox 839 1168 898 1210; x_wconf 96' lang='lat' dir='ltr'>ob</span> <span class='ocrx_word' id='word_1_131' title='bbox 930 1167 980 1211; x_wconf 91' lang='lat' dir='ltr'>id</span> <span class='ocrx_word' id='word_1_132' title='bbox 1013 1167 1134 1210; x_wconf 90' lang='lat' dir='ltr'>ultra</span> <span class='ocrx_word' id='word_1_133' title='bbox 1169 1173 1353 1211; x_wconf 90' lang='lat' dir='ltr'>centum</span> <span class='ocrx_word' id='word_1_134' title='bbox 1389 1169 1615 1212; x_wconf 90' lang='lat' dir='ltr'>studiosos</span> <span class='ocrx_word' id='word_1_135' title='bbox 1650 1183 1728 1225; x_wconf 91' lang='lat' dir='ltr'>per</span> <span class='ocrx_word' id='word_1_136' title='bbox 1763 1168 2010 1211; x_wconf 88' lang='lat' dir='ltr'>triennium</span> 
     </span>
     <span class='ocr_line' id='line_1_16' title="bbox 320 1238 2062 1296; baseline -0.002 -12"><span class='ocrx_word' id='word_1_137' title='bbox 320 1241 485 1284; x_wconf 88' lang='lat' dir='ltr'>habere</span> <span class='ocrx_word' id='word_1_138' title='bbox 507 1239 817 1296; x_wconf 85' lang='lat' dir='ltr'>nequivimus;</span> <span class='ocrx_word' id='word_1_139' title='bbox 843 1243 943 1281; x_wconf 85' lang='lat' dir='ltr'>tum</span> <span class='ocrx_word' id='word_1_140' title='bbox 966 1238 1106 1281; x_wconf 89' lang='lat' dir='ltr'>etiam</span> <span class='ocrx_word' id='word_1_141' title='bbox 1129 1239 1252 1295; x_wconf 91' lang='lat' dir='ltr'>quod</span> <span class='ocrx_word' id='word_1_142' title='bbox 1275 1239 1489 1295; x_wconf 89' lang='lat' dir='ltr'>magister</span> <span class='ocrx_word' id='word_1_143' title='bbox 1513 1239 1829 1282; x_wconf 88' lang='lat' dir='ltr'>Humanitatis</span> <span class='ocrx_word' id='word_1_144' title='bbox 1851 1244 2011 1282; x_wconf 88' lang='lat' dir='ltr'>contra</span> <span class='ocrx_word' id='word_1_145' title='bbox 2026 1253 2062 1281; x_wconf 88' lang='lat'>15</span> 
     </span>
     <span class='ocr_line' id='line_1_17' title="bbox 321 1309 2011 1367; baseline -0.001 -13"><span class='ocrx_word' id='word_1_146' title='bbox 321 1325 502 1354; x_wconf 90' lang='lat' dir='ltr'>omnem</span> <span class='ocrx_word' id='word_1_147' title='bbox 517 1310 864 1360; x_wconf 87' lang='lat' dir='ltr'>humanitatem,</span> <span class='ocrx_word' id='word_1_148' title='bbox 882 1309 1060 1366; x_wconf 92' lang='lat' dir='ltr'>publice</span> <span class='ocrx_word' id='word_1_149' title='bbox 1081 1309 1127 1352; x_wconf 90' lang='lat' dir='ltr'>in</span> <span class='ocrx_word' id='word_1_150' title='bbox 1149 1310 1287 1353; x_wconf 88' lang='lat' dir='ltr'>classe</span> <span class='ocrx_word' id='word_1_151' title='bbox 1308 1315 1467 1353; x_wconf 90' lang='lat' dir='ltr'>contra</span> <span class='ocrx_word' id='word_1_152' title='bbox 1487 1310 1721 1353; x_wconf 90' lang='lat' dir='ltr'>nationem</span> <span class='ocrx_word' id='word_1_153' title='bbox 1738 1309 2011 1367; x_wconf 90' lang='lat' dir='ltr'>Ungaricam</span> 
     </span>
     <span class='ocr_line' id='line_1_18' title="bbox 322 1380 2010 1431; baseline -0.002 -6"><span class='ocrx_word' id='word_1_154' title='bbox 322 1382 472 1425; x_wconf 88' lang='lat' dir='ltr'>invehi</span> <span class='ocrx_word' id='word_1_155' title='bbox 505 1381 674 1431; x_wconf 86' lang='lat' dir='ltr'>soleat;</span> <span class='ocrx_word' id='word_1_156' title='bbox 709 1381 766 1423; x_wconf 96' lang='lat' dir='ltr'>ob</span> <span class='ocrx_word' id='word_1_157' title='bbox 798 1380 844 1423; x_wconf 91' lang='lat' dir='ltr'>id</span> <span class='ocrx_word' id='word_1_158' title='bbox 876 1395 903 1423; x_wconf 92' lang='lat' dir='ltr'>a</span> <span class='ocrx_word' id='word_1_159' title='bbox 935 1380 1148 1424; x_wconf 90' lang='lat' dir='ltr'>studiosis</span> <span class='ocrx_word' id='word_1_160' title='bbox 1180 1382 1472 1424; x_wconf 88' lang='lat' dir='ltr'>vehementer</span> <span class='ocrx_word' id='word_1_161' title='bbox 1503 1386 1570 1424; x_wconf 93' lang='lat' dir='ltr'>est</span> <span class='ocrx_word' id='word_1_162' title='bbox 1604 1396 1766 1424; x_wconf 90' lang='lat' dir='ltr'>exosus</span> <span class='ocrx_word' id='word_1_163' title='bbox 1798 1386 1843 1424; x_wconf 91' lang='lat' dir='ltr'>et</span> <span class='ocrx_word' id='word_1_164' title='bbox 1877 1380 2010 1424; x_wconf 91' lang='lat' dir='ltr'>multi</span> 
     </span>
     <span class='ocr_line' id='line_1_19' title="bbox 323 1452 2009 1508; baseline -0.001 -13"><span class='ocrx_word' id='word_1_165' title='bbox 323 1467 425 1495; x_wconf 92' lang='lat' dir='ltr'>cum</span> <span class='ocrx_word' id='word_1_166' title='bbox 470 1453 528 1495; x_wconf 93' lang='lat' dir='ltr'>ad</span> <span class='ocrx_word' id='word_1_167' title='bbox 571 1452 664 1495; x_wconf 92' lang='lat' dir='ltr'>eius</span> <span class='ocrx_word' id='word_1_168' title='bbox 708 1452 894 1494; x_wconf 91' lang='lat' dir='ltr'>classem</span> <span class='ocrx_word' id='word_1_169' title='bbox 938 1456 1086 1494; x_wconf 89' lang='lat' dir='ltr'>essent</span> <span class='ocrx_word' id='word_1_170' title='bbox 1131 1452 1441 1508; x_wconf 87' lang='lat' dir='ltr'>promovendi,</span> <span class='ocrx_word' id='word_1_171' title='bbox 1489 1453 1747 1496; x_wconf 89' lang='lat' dir='ltr'>maluerunt</span> <span class='ocrx_word' id='word_1_172' title='bbox 1791 1452 2009 1501; x_wconf 91' lang='lat' dir='ltr'>recedere,</span> 
     </span>
     <span class='ocr_line' id='line_1_20' title="bbox 323 1522 2011 1580; baseline -0.001 -13"><span class='ocrx_word' id='word_1_173' title='bbox 323 1538 462 1580; x_wconf 90' lang='lat' dir='ltr'>quam</span> <span class='ocrx_word' id='word_1_174' title='bbox 496 1538 540 1566; x_wconf 88' lang='lat' dir='ltr'>se</span> <span class='ocrx_word' id='word_1_175' title='bbox 574 1523 667 1565; x_wconf 90' lang='lat' dir='ltr'>eius</span> <span class='ocrx_word' id='word_1_176' title='bbox 700 1522 959 1578; x_wconf 88' lang='lat' dir='ltr'>disciplinae</span> <span class='ocrx_word' id='word_1_177' title='bbox 993 1522 1221 1565; x_wconf 90' lang='lat' dir='ltr'>subiicere.</span> <span class='ocrx_word' id='word_1_178' title='bbox 1259 1524 1414 1579; x_wconf 92' lang='lat' dir='ltr'>Nuper</span> <span class='ocrx_word' id='word_1_179' title='bbox 1447 1538 1551 1566; x_wconf 91' lang='lat' dir='ltr'>cum</span> <span class='ocrx_word' id='word_1_180' title='bbox 1586 1523 1790 1580; x_wconf 79' lang='lat' dir='ltr'>dialogus</span> <span class='ocrx_word' id='word_1_181' title='bbox 1823 1523 2011 1579; x_wconf 90' lang='lat' dir='ltr'>quidam</span> 
     </span>
     <span class='ocr_line' id='line_1_21' title="bbox 325 1593 2065 1650; baseline -0.001 -13"><span class='ocrx_word' id='word_1_182' title='bbox 325 1599 439 1637; x_wconf 89' lang='lat' dir='ltr'>esset</span> <span class='ocrx_word' id='word_1_183' title='bbox 479 1594 768 1643; x_wconf 90' lang='lat' dir='ltr'>exhibendus,</span> <span class='ocrx_word' id='word_1_184' title='bbox 813 1593 925 1636; x_wconf 91' lang='lat' dir='ltr'>abiit</span> <span class='ocrx_word' id='word_1_185' title='bbox 965 1598 1010 1636; x_wconf 88' lang='lat' dir='ltr'>et</span> <span class='ocrx_word' id='word_1_186' title='bbox 1049 1593 1143 1636; x_wconf 90' lang='lat' dir='ltr'>sine</span> <span class='ocrx_word' id='word_1_187' title='bbox 1182 1594 1367 1637; x_wconf 91' lang='lat' dir='ltr'>rectoris</span> <span class='ocrx_word' id='word_1_188' title='bbox 1405 1609 1624 1637; x_wconf 91' lang='lat' dir='ltr'>consensu</span> <span class='ocrx_word' id='word_1_189' title='bbox 1664 1594 1893 1650; x_wconf 91' lang='lat' dir='ltr'>praecepit</span> <span class='ocrx_word' id='word_1_190' title='bbox 1933 1607 2013 1650; x_wconf 92' lang='lat' dir='ltr'>per</span> <span class='ocrx_word' id='word_1_191' title='bbox 2026 1608 2065 1635; x_wconf 87' lang='lat'>20</span> 
     </span>
     <span class='ocr_line' id='line_1_22' title="bbox 326 1664 2013 1721; baseline 0 -15"><span class='ocrx_word' id='word_1_192' title='bbox 326 1665 530 1715; x_wconf 82' lang='lat' dir='ltr'>famulos,</span> <span class='ocrx_word' id='word_1_193' title='bbox 554 1670 605 1706; x_wconf 93' lang='lat' dir='ltr'>ut</span> <span class='ocrx_word' id='word_1_194' title='bbox 634 1679 688 1707; x_wconf 90' lang='lat' dir='ltr'>ex</span> <span class='ocrx_word' id='word_1_195' title='bbox 717 1664 900 1721; x_wconf 91' lang='lat' dir='ltr'>singulis</span> <span class='ocrx_word' id='word_1_196' title='bbox 931 1664 1058 1721; x_wconf 86' lang='lat' dir='ltr'>pagis</span> <span class='ocrx_word' id='word_1_197' title='bbox 1089 1677 1143 1718; x_wconf 83' lang='lat'>32</span> <span class='ocrx_word' id='word_1_198' title='bbox 1176 1665 1341 1708; x_wconf 88' lang='lat' dir='ltr'>armati</span> <span class='ocrx_word' id='word_1_199' title='bbox 1373 1665 1470 1714; x_wconf 90' lang='lat' dir='ltr'>viri,</span> <span class='ocrx_word' id='word_1_200' title='bbox 1505 1667 1582 1708; x_wconf 80' lang='lat' dir='ltr'>sub</span> <span class='ocrx_word' id='word_1_201' title='bbox 1613 1671 1753 1721; x_wconf 76' lang='lat' dir='ltr'>poena</span> <span class='ocrx_word' id='word_1_202' title='bbox 1785 1666 1944 1721; x_wconf 72' lang='lat' dir='ltr'>capitis</span> <span class='ocrx_word' id='word_1_203' title='bbox 1976 1669 2013 1707; x_wconf 80' lang='lat' dir='ltr'>et</span> 
     </span>
     <span class='ocr_line' id='line_1_23' title="bbox 324 1736 2012 1792; baseline -0.001 -13"><span class='ocrx_word' id='word_1_204' title='bbox 324 1737 558 1779; x_wconf 65' lang='lat' dir='ltr'>amissione</span> <span class='ocrx_word' id='word_1_205' title='bbox 602 1737 806 1778; x_wconf 76' lang='lat' dir='ltr'>bonorum</span> <span class='ocrx_word' id='word_1_206' title='bbox 849 1737 1046 1779; x_wconf 78' lang='lat' dir='ltr'>omnium</span> <span class='ocrx_word' id='word_1_207' title='bbox 1086 1738 1359 1779; x_wconf 77' lang='lat' dir='ltr'>convenirent</span> <span class='ocrx_word' id='word_1_208' title='bbox 1402 1737 1461 1779; x_wconf 92' lang='lat' dir='ltr'>ad</span> <span class='ocrx_word' id='word_1_209' title='bbox 1502 1736 1761 1792; x_wconf 88' lang='lat' dir='ltr'>proximum</span> <span class='ocrx_word' id='word_1_210' title='bbox 1804 1740 2012 1779; x_wconf 90' lang='lat' dir='ltr'>nostrum</span> 
     </span>
     <span class='ocr_line' id='line_1_24' title="bbox 326 1806 2013 1863; baseline -0.001 -13"><span class='ocrx_word' id='word_1_211' title='bbox 326 1821 491 1863; x_wconf 89' lang='lat' dir='ltr'>pagum</span> <span class='ocrx_word' id='word_1_212' title='bbox 523 1808 781 1849; x_wconf 89' lang='lat' dir='ltr'>Monostor:</span> <span class='ocrx_word' id='word_1_213' title='bbox 815 1806 861 1849; x_wconf 93' lang='lat' dir='ltr'>id</span> <span class='ocrx_word' id='word_1_214' title='bbox 891 1806 985 1863; x_wconf 92' lang='lat' dir='ltr'>ipse</span> <span class='ocrx_word' id='word_1_215' title='bbox 1016 1821 1068 1849; x_wconf 93' lang='lat' dir='ltr'>eo</span> <span class='ocrx_word' id='word_1_216' title='bbox 1099 1807 1251 1850; x_wconf 91' lang='lat' dir='ltr'>animo</span> <span class='ocrx_word' id='word_1_217' title='bbox 1282 1807 1492 1857; x_wconf 81' lang='lat' dir='ltr'>faciebat,</span> <span class='ocrx_word' id='word_1_218' title='bbox 1525 1812 1577 1849; x_wconf 93' lang='lat' dir='ltr'>ut</span> <span class='ocrx_word' id='word_1_219' title='bbox 1608 1822 1663 1850; x_wconf 90' lang='lat' dir='ltr'>ex</span> <span class='ocrx_word' id='word_1_220' title='bbox 1694 1807 1779 1850; x_wconf 84' lang='lat' dir='ltr'>illis</span> <span class='ocrx_word' id='word_1_221' title='bbox 1809 1806 2013 1862; x_wconf 88' lang='lat' dir='ltr'>seligeret</span> 
     </span>
     <span class='ocr_line' id='line_1_25' title="bbox 326 1877 2013 1934; baseline -0.001 -14"><span class='ocrx_word' id='word_1_222' title='bbox 326 1892 405 1934; x_wconf 91' lang='lat' dir='ltr'>pro</span> <span class='ocrx_word' id='word_1_223' title='bbox 434 1892 514 1920; x_wconf 93' lang='lat' dir='ltr'>suo</span> <span class='ocrx_word' id='word_1_224' title='bbox 543 1877 717 1933; x_wconf 87' lang='lat' dir='ltr'>dialogo</span> <span class='ocrx_word' id='word_1_225' title='bbox 747 1878 979 1929; x_wconf 86' lang='lat' dir='ltr'>meliores;</span> <span class='ocrx_word' id='word_1_226' title='bbox 1011 1878 1089 1921; x_wconf 92' lang='lat' dir='ltr'>sed</span> <span class='ocrx_word' id='word_1_227' title='bbox 1117 1892 1222 1921; x_wconf 93' lang='lat' dir='ltr'>cum</span> <span class='ocrx_word' id='word_1_228' title='bbox 1251 1878 1424 1921; x_wconf 88' lang='lat' dir='ltr'>externi</span> <span class='ocrx_word' id='word_1_229' title='bbox 1454 1878 1563 1920; x_wconf 85' lang='lat' dir='ltr'>nihil</span> <span class='ocrx_word' id='word_1_230' title='bbox 1593 1878 1648 1921; x_wconf 92' lang='lat' dir='ltr'>de</span> <span class='ocrx_word' id='word_1_231' title='bbox 1678 1877 1855 1934; x_wconf 78' lang='lat' dir='ltr'>dialogo</span> <span class='ocrx_word' id='word_1_232' title='bbox 1883 1877 2013 1920; x_wconf 93' lang='lat' dir='ltr'>intel-</span> 
     </span>
     <span class='ocr_line' id='line_1_26' title="bbox 325 1947 2067 2005; baseline 0.001 -15"><span class='ocrx_word' id='word_1_233' title='bbox 325 1948 525 2005; x_wconf 89' lang='lat' dir='ltr'>ligerent,</span> <span class='ocrx_word' id='word_1_234' title='bbox 565 1963 716 1991; x_wconf 87' lang='lat' dir='ltr'>rumor</span> <span class='ocrx_word' id='word_1_235' title='bbox 752 1963 934 2005; x_wconf 91' lang='lat' dir='ltr'>sparsus</span> <span class='ocrx_word' id='word_1_236' title='bbox 971 1954 1066 1992; x_wconf 93' lang='lat' dir='ltr'>erat</span> <span class='ocrx_word' id='word_1_237' title='bbox 1105 1949 1305 2004; x_wconf 90' lang='lat' dir='ltr'>Jesuitas</span> <span class='ocrx_word' id='word_1_238' title='bbox 1342 1949 1511 1992; x_wconf 92' lang='lat' dir='ltr'>bellum</span> <span class='ocrx_word' id='word_1_239' title='bbox 1548 1948 1726 1992; x_wconf 87' lang='lat' dir='ltr'>civitati</span> <span class='ocrx_word' id='word_1_240' title='bbox 1763 1953 1844 1992; x_wconf 93' lang='lat' dir='ltr'>aut</span> <span class='ocrx_word' id='word_1_241' title='bbox 1882 1947 2067 1991; x_wconf 80' lang='lat' dir='ltr'>alicui25</span> 
     </span>
     <span class='ocr_line' id='line_1_27' title="bbox 325 2019 2012 2069; baseline -0.001 -7"><span class='ocrx_word' id='word_1_242' title='bbox 325 2019 544 2062; x_wconf 89' lang='lat' dir='ltr'>nobilium</span> <span class='ocrx_word' id='word_1_243' title='bbox 569 2019 729 2062; x_wconf 82' lang='lat' dir='ltr'>inferre</span> <span class='ocrx_word' id='word_1_244' title='bbox 755 2020 880 2063; x_wconf 90' lang='lat' dir='ltr'>velle.</span> <span class='ocrx_word' id='word_1_245' title='bbox 912 2022 1043 2063; x_wconf 92' lang='lat' dir='ltr'>Hanc</span> <span class='ocrx_word' id='word_1_246' title='bbox 1069 2021 1128 2063; x_wconf 95' lang='lat' dir='ltr'>ob</span> <span class='ocrx_word' id='word_1_247' title='bbox 1154 2035 1338 2063; x_wconf 92' lang='lat' dir='ltr'>causam</span> <span class='ocrx_word' id='word_1_248' title='bbox 1364 2020 1526 2063; x_wconf 87' lang='lat' dir='ltr'>civitas</span> <span class='ocrx_word' id='word_1_249' title='bbox 1553 2020 1805 2063; x_wconf 86' lang='lat' dir='ltr'>diutissime</span> <span class='ocrx_word' id='word_1_250' title='bbox 1830 2019 2012 2069; x_wconf 90' lang='lat' dir='ltr'>restitit,</span> 
     </span>
     <span class='ocr_line' id='line_1_28' title="bbox 326 2090 2016 2148; baseline -0.001 -15"><span class='ocrx_word' id='word_1_251' title='bbox 326 2105 382 2133; x_wconf 91' lang='lat' dir='ltr'>ne</span> <span class='ocrx_word' id='word_1_252' title='bbox 425 2090 614 2133; x_wconf 91' lang='lat' dir='ltr'>studiosi</span> <span class='ocrx_word' id='word_1_253' title='bbox 658 2091 798 2133; x_wconf 89' lang='lat' dir='ltr'>nostri</span> <span class='ocrx_word' id='word_1_254' title='bbox 840 2091 1005 2134; x_wconf 92' lang='lat' dir='ltr'>armati</span> <span class='ocrx_word' id='word_1_255' title='bbox 1049 2105 1153 2134; x_wconf 92' lang='lat' dir='ltr'>cum</span> <span class='ocrx_word' id='word_1_256' title='bbox 1197 2091 1365 2134; x_wconf 92' lang='lat' dir='ltr'>colonis</span> <span class='ocrx_word' id='word_1_257' title='bbox 1408 2091 1761 2148; x_wconf 90' lang='lat' dir='ltr'>ingrederentur,</span> <span class='ocrx_word' id='word_1_258' title='bbox 1809 2095 2016 2134; x_wconf 92' lang='lat' dir='ltr'>metuens</span> 
     </span>
     <span class='ocr_line' id='line_1_29' title="bbox 327 2160 2016 2218; baseline 0 -15"><span class='ocrx_word' id='word_1_259' title='bbox 327 2175 381 2203; x_wconf 92' lang='lat' dir='ltr'>ne</span> <span class='ocrx_word' id='word_1_260' title='bbox 416 2161 587 2217; x_wconf 90' lang='lat' dir='ltr'>aliquid</span> <span class='ocrx_word' id='word_1_261' title='bbox 622 2161 792 2205; x_wconf 82' lang='lat' dir='ltr'>fraudis</span> <span class='ocrx_word' id='word_1_262' title='bbox 826 2163 1059 2213; x_wconf 86' lang='lat' dir='ltr'>subesset;</span> <span class='ocrx_word' id='word_1_263' title='bbox 1098 2177 1178 2205; x_wconf 92' lang='lat' dir='ltr'>nec</span> <span class='ocrx_word' id='word_1_264' title='bbox 1214 2177 1418 2218; x_wconf 90' lang='lat' dir='ltr'>unquam</span> <span class='ocrx_word' id='word_1_265' title='bbox 1454 2176 1529 2205; x_wconf 93' lang='lat' dir='ltr'>eos</span> <span class='ocrx_word' id='word_1_266' title='bbox 1563 2161 1893 2211; x_wconf 89' lang='lat' dir='ltr'>intromisisset,</span> <span class='ocrx_word' id='word_1_267' title='bbox 1931 2160 2016 2204; x_wconf 89' lang='lat' dir='ltr'>nisi</span> 
     </span>
     <span class='ocr_line' id='line_1_30' title="bbox 329 2231 2017 2289; baseline 0.001 -16"><span class='ocrx_word' id='word_1_268' title='bbox 329 2231 411 2274; x_wconf 89' lang='lat' dir='ltr'>viri</span> <span class='ocrx_word' id='word_1_269' title='bbox 444 2232 630 2288; x_wconf 90' lang='lat' dir='ltr'>quidam</span> <span class='ocrx_word' id='word_1_270' title='bbox 662 2233 862 2289; x_wconf 87' lang='lat' dir='ltr'>primarii</span> <span class='ocrx_word' id='word_1_271' title='bbox 894 2233 1222 2276; x_wconf 86' lang='lat' dir='ltr'>authoritatem</span> <span class='ocrx_word' id='word_1_272' title='bbox 1255 2248 1385 2276; x_wconf 91' lang='lat' dir='ltr'>suam</span> <span class='ocrx_word' id='word_1_273' title='bbox 1433 2233 1805 2289; x_wconf 89' lang='lat' dir='ltr'>interposuissent</span> <span class='ocrx_word' id='word_1_274' title='bbox 1838 2237 1883 2275; x_wconf 94' lang='lat' dir='ltr'>et</span> <span class='ocrx_word' id='word_1_275' title='bbox 1915 2246 2017 2288; x_wconf 87' lang='lat' dir='ltr'>spo-</span> 
     </span>
     <span class='ocr_line' id='line_1_31' title="bbox 330 2302 2070 2359; baseline -0.001 -14"><span class='ocrx_word' id='word_1_276' title='bbox 330 2303 589 2358; x_wconf 90' lang='lat' dir='ltr'>pondissent</span> <span class='ocrx_word' id='word_1_277' title='bbox 631 2318 706 2347; x_wconf 92' lang='lat' dir='ltr'>eos</span> <span class='ocrx_word' id='word_1_278' title='bbox 748 2304 894 2347; x_wconf 92' lang='lat' dir='ltr'>nullos</span> <span class='ocrx_word' id='word_1_279' title='bbox 936 2305 1163 2347; x_wconf 92' lang='lat' dir='ltr'>tumultus</span> <span class='ocrx_word' id='word_1_280' title='bbox 1205 2304 1494 2347; x_wconf 85' lang='lat' dir='ltr'>excitaturos.</span> <span class='ocrx_word' id='word_1_281' title='bbox 1541 2305 1640 2347; x_wconf 95' lang='lat' dir='ltr'>Iam</span> <span class='ocrx_word' id='word_1_282' title='bbox 1682 2318 1789 2346; x_wconf 91' lang='lat' dir='ltr'>vero</span> <span class='ocrx_word' id='word_1_283' title='bbox 1831 2303 1878 2346; x_wconf 91' lang='lat' dir='ltr'>in</span> <span class='ocrx_word' id='word_1_284' title='bbox 1919 2302 2070 2359; x_wconf 73' lang='lat' dir='ltr'>ipsoao</span> 
     </span>
     <span class='ocr_line' id='line_1_32' title="bbox 332 2374 2018 2432; baseline 0.001 -17"><span class='ocrx_word' id='word_1_285' title='bbox 332 2374 507 2417; x_wconf 89' lang='lat' dir='ltr'>theatro</span> <span class='ocrx_word' id='word_1_286' title='bbox 536 2380 633 2417; x_wconf 92' lang='lat' dir='ltr'>tam</span> <span class='ocrx_word' id='word_1_287' title='bbox 661 2374 906 2418; x_wconf 89' lang='lat' dir='ltr'>inordinati</span> <span class='ocrx_word' id='word_1_288' title='bbox 935 2374 1161 2418; x_wconf 91' lang='lat' dir='ltr'>discursus</span> <span class='ocrx_word' id='word_1_289' title='bbox 1189 2389 1496 2432; x_wconf 88' lang='lat' dir='ltr'>personarum,</span> <span class='ocrx_word' id='word_1_290' title='bbox 1527 2380 1597 2418; x_wconf 94' lang='lat' dir='ltr'>tot</span> <span class='ocrx_word' id='word_1_291' title='bbox 1627 2374 1843 2431; x_wconf 90' lang='lat' dir='ltr'>strepitus</span> <span class='ocrx_word' id='word_1_292' title='bbox 1871 2388 2018 2417; x_wconf 91' lang='lat' dir='ltr'>armo-</span> 
     </span>
     <span class='ocr_line' id='line_1_33' title="bbox 332 2445 2017 2495; baseline 0.001 -10"><span class='ocrx_word' id='word_1_293' title='bbox 332 2458 429 2487; x_wconf 91' lang='lat' dir='ltr'>rum</span> <span class='ocrx_word' id='word_1_294' title='bbox 464 2450 508 2487; x_wconf 94' lang='lat' dir='ltr'>et</span> <span class='ocrx_word' id='word_1_295' title='bbox 543 2445 801 2488; x_wconf 89' lang='lat' dir='ltr'>emissiones</span> <span class='ocrx_word' id='word_1_296' title='bbox 835 2447 1190 2489; x_wconf 91' lang='lat' dir='ltr'>bombardarum</span> <span class='ocrx_word' id='word_1_297' title='bbox 1225 2445 1422 2495; x_wconf 81' lang='lat' dir='ltr'>fuerunt,</span> <span class='ocrx_word' id='word_1_298' title='bbox 1459 2451 1510 2488; x_wconf 95' lang='lat' dir='ltr'>ut</span> <span class='ocrx_word' id='word_1_299' title='bbox 1545 2460 1636 2489; x_wconf 91' lang='lat' dir='ltr'>non</span> <span class='ocrx_word' id='word_1_300' title='bbox 1671 2445 1903 2489; x_wconf 92' lang='lat' dir='ltr'>comoedia</span> <span class='ocrx_word' id='word_1_301' title='bbox 1937 2448 2017 2487; x_wconf 89' lang='lat' dir='ltr'>aut</span> 
     </span>
     <span class='ocr_line' id='line_1_34' title="bbox 334 2514 2018 2571; baseline 0 -15"><span class='ocrx_word' id='word_1_302' title='bbox 334 2514 532 2570; x_wconf 84' lang='lat' dir='ltr'>dialogus</span> <span class='ocrx_word' id='word_1_303' title='bbox 565 2530 592 2558; x_wconf 93' lang='lat' dir='ltr'>a</span> <span class='ocrx_word' id='word_1_304' title='bbox 626 2516 812 2571; x_wconf 91' lang='lat' dir='ltr'>Jesuitis</span> <span class='ocrx_word' id='word_1_305' title='bbox 846 2517 1059 2566; x_wconf 87' lang='lat' dir='ltr'>exhiberi,</span> <span class='ocrx_word' id='word_1_306' title='bbox 1097 2517 1175 2560; x_wconf 93' lang='lat' dir='ltr'>sed</span> <span class='ocrx_word' id='word_1_307' title='bbox 1208 2517 1332 2560; x_wconf 93' lang='lat' dir='ltr'>lusus</span> <span class='ocrx_word' id='word_1_308' title='bbox 1366 2532 1596 2560; x_wconf 89' lang='lat' dir='ltr'>armorum</span> <span class='ocrx_word' id='word_1_309' title='bbox 1631 2531 1658 2560; x_wconf 95' lang='lat' dir='ltr'>a</span> <span class='ocrx_word' id='word_1_310' title='bbox 1692 2516 1912 2559; x_wconf 89' lang='lat' dir='ltr'>militibus</span> <span class='ocrx_word' id='word_1_311' title='bbox 1945 2514 2018 2571; x_wconf 91' lang='lat' dir='ltr'>agi</span> 
     </span>
     <span class='ocr_line' id='line_1_35' title="bbox 334 2584 2017 2644; baseline 0.001 -19"><span class='ocrx_word' id='word_1_312' title='bbox 334 2584 569 2628; x_wconf 88' lang='lat' dir='ltr'>videretur.</span> <span class='ocrx_word' id='word_1_313' title='bbox 620 2588 716 2643; x_wconf 86' lang='lat' dir='ltr'>Ego</span> <span class='ocrx_word' id='word_1_314' title='bbox 763 2588 938 2631; x_wconf 92' lang='lat' dir='ltr'>nullum</span> <span class='ocrx_word' id='word_1_315' title='bbox 985 2587 1140 2631; x_wconf 88' lang='lat' dir='ltr'>audivi</span> <span class='ocrx_word' id='word_1_316' title='bbox 1189 2602 1243 2630; x_wconf 91' lang='lat' dir='ltr'>ex</span> <span class='ocrx_word' id='word_1_317' title='bbox 1292 2588 1502 2631; x_wconf 90' lang='lat' dir='ltr'>omnibus</span> <span class='ocrx_word' id='word_1_318' title='bbox 1550 2586 1894 2644; x_wconf 89' lang='lat' dir='ltr'>spectatoribus,</span> <span class='ocrx_word' id='word_1_319' title='bbox 1945 2585 2017 2627; x_wconf 93' lang='lat' dir='ltr'>cui</span> 
     </span>
     <span class='ocr_line' id='line_1_36' title="bbox 334 2654 2070 2710; baseline 0.001 -15"><span class='ocrx_word' id='word_1_320' title='bbox 334 2654 452 2696; x_wconf 89' lang='lat' dir='ltr'>actio</span> <span class='ocrx_word' id='word_1_321' title='bbox 484 2657 673 2710; x_wconf 91' lang='lat' dir='ltr'>probata</span> <span class='ocrx_word' id='word_1_322' title='bbox 705 2657 892 2710; x_wconf 82' lang='lat' dir='ltr'>fuisset;</span> <span class='ocrx_word' id='word_1_323' title='bbox 926 2658 987 2701; x_wconf 92' lang='lat' dir='ltr'>sic</span> <span class='ocrx_word' id='word_1_324' title='bbox 1019 2660 1085 2708; x_wconf 88' lang='lat' dir='ltr'>fit,</span> <span class='ocrx_word' id='word_1_325' title='bbox 1119 2663 1170 2700; x_wconf 94' lang='lat' dir='ltr'>ut</span> <span class='ocrx_word' id='word_1_326' title='bbox 1203 2659 1313 2701; x_wconf 90' lang='lat' dir='ltr'>dum</span> <span class='ocrx_word' id='word_1_327' title='bbox 1345 2663 1574 2702; x_wconf 90' lang='lat' dir='ltr'>ostentare</span> <span class='ocrx_word' id='word_1_328' title='bbox 1605 2673 1651 2701; x_wconf 92' lang='lat' dir='ltr'>se</span> <span class='ocrx_word' id='word_1_329' title='bbox 1683 2658 1843 2700; x_wconf 91' lang='lat' dir='ltr'>volunt</span> <span class='ocrx_word' id='word_1_330' title='bbox 1875 2656 2070 2699; x_wconf 69' lang='lat' dir='ltr'>nostri-35</span> 
     </span>
     <span class='ocr_line' id='line_1_37' title="bbox 336 2724 2015 2785; baseline 0.002 -21"><span class='ocrx_word' id='word_1_331' title='bbox 336 2724 572 2775; x_wconf 89' lang='lat' dir='ltr'>fraterculi,</span> <span class='ocrx_word' id='word_1_332' title='bbox 597 2727 788 2771; x_wconf 91' lang='lat' dir='ltr'>ludibrio</span> <span class='ocrx_word' id='word_1_333' title='bbox 812 2743 857 2772; x_wconf 92' lang='lat' dir='ltr'>se</span> <span class='ocrx_word' id='word_1_334' title='bbox 880 2734 925 2772; x_wconf 91' lang='lat' dir='ltr'>et</span> <span class='ocrx_word' id='word_1_335' title='bbox 948 2729 1058 2772; x_wconf 91' lang='lat' dir='ltr'>alios</span> <span class='ocrx_word' id='word_1_336' title='bbox 1079 2734 1324 2785; x_wconf 90' lang='lat' dir='ltr'>exponant.</span> <span class='ocrx_word' id='word_1_337' title='bbox 1344 2731 1443 2773; x_wconf 95' lang='lat' dir='ltr'>Hoc</span> <span class='ocrx_word' id='word_1_338' title='bbox 1465 2735 1620 2772; x_wconf 90' lang='lat' dir='ltr'>autem</span> <span class='ocrx_word' id='word_1_339' title='bbox 1643 2728 1769 2771; x_wconf 79' lang='lat' dir='ltr'>fonte</span> <span class='ocrx_word' id='word_1_340' title='bbox 1792 2726 2015 2783; x_wconf 87' lang='lat' dir='ltr'>provenit,</span> 
     </span>
     <span class='ocr_line' id='line_1_38' title="bbox 336 2795 2018 2855; baseline 0.002 -20"><span class='ocrx_word' id='word_1_341' title='bbox 336 2795 457 2850; x_wconf 88' lang='lat' dir='ltr'>quod</span> <span class='ocrx_word' id='word_1_342' title='bbox 484 2796 605 2839; x_wconf 89' lang='lat' dir='ltr'>nulla</span> <span class='ocrx_word' id='word_1_343' title='bbox 633 2803 698 2840; x_wconf 93' lang='lat' dir='ltr'>est</span> <span class='ocrx_word' id='word_1_344' title='bbox 728 2799 975 2855; x_wconf 89' lang='lat' dir='ltr'>disciplina,</span> <span class='ocrx_word' id='word_1_345' title='bbox 1006 2800 1155 2842; x_wconf 90' lang='lat' dir='ltr'>nullus</span> <span class='ocrx_word' id='word_1_346' title='bbox 1183 2801 1292 2842; x_wconf 91' lang='lat' dir='ltr'>ordo</span> <span class='ocrx_word' id='word_1_347' title='bbox 1321 2805 1387 2842; x_wconf 94' lang='lat' dir='ltr'>est</span> <span class='ocrx_word' id='word_1_348' title='bbox 1416 2800 1463 2842; x_wconf 92' lang='lat' dir='ltr'>in</span> <span class='ocrx_word' id='word_1_349' title='bbox 1491 2799 1674 2855; x_wconf 89' lang='lat' dir='ltr'>collegio</span> <span class='ocrx_word' id='word_1_350' title='bbox 1702 2804 1746 2841; x_wconf 92' lang='lat' dir='ltr'>et</span> <span class='ocrx_word' id='word_1_351' title='bbox 1777 2798 1900 2854; x_wconf 92' lang='lat' dir='ltr'>quod</span> <span class='ocrx_word' id='word_1_352' title='bbox 1927 2811 2018 2840; x_wconf 90' lang='lat' dir='ltr'>non</span> 
     </span>
     <span class='ocr_line' id='line_1_39' title="bbox 336 2868 2019 2925; baseline 0.003 -19"><span class='ocrx_word' id='word_1_353' title='bbox 336 2869 540 2907; x_wconf 86' lang='lat' dir='ltr'>servatur</span> <span class='ocrx_word' id='word_1_354' title='bbox 566 2881 672 2909; x_wconf 91' lang='lat' dir='ltr'>usus</span> <span class='ocrx_word' id='word_1_355' title='bbox 698 2874 742 2910; x_wconf 93' lang='lat' dir='ltr'>et</span> <span class='ocrx_word' id='word_1_356' title='bbox 770 2871 1049 2914; x_wconf 90' lang='lat' dir='ltr'>consuetudo</span> <span class='ocrx_word' id='word_1_357' title='bbox 1077 2870 1315 2913; x_wconf 86' lang='lat' dir='ltr'>Societatis</span> <span class='ocrx_word' id='word_1_358' title='bbox 1341 2870 1387 2912; x_wconf 91' lang='lat' dir='ltr'>in</span> <span class='ocrx_word' id='word_1_359' title='bbox 1415 2870 1635 2912; x_wconf 90' lang='lat' dir='ltr'>similibus</span> <span class='ocrx_word' id='word_1_360' title='bbox 1662 2868 1852 2925; x_wconf 93' lang='lat' dir='ltr'>publicis</span> <span class='ocrx_word' id='word_1_361' title='bbox 1879 2868 2019 2911; x_wconf 90' lang='lat' dir='ltr'>actio-</span> 
     </span>
     <span class='ocr_line' id='line_1_40' title="bbox 336 2935 2020 2997; baseline 0.003 -21"><span class='ocrx_word' id='word_1_362' title='bbox 336 2935 495 2977; x_wconf 89' lang='lat' dir='ltr'>nibus:</span> <span class='ocrx_word' id='word_1_363' title='bbox 541 2941 592 2977; x_wconf 90' lang='lat' dir='ltr'>ut</span> <span class='ocrx_word' id='word_1_364' title='bbox 636 2938 799 2982; x_wconf 89' lang='lat' dir='ltr'>scilicet</span> <span class='ocrx_word' id='word_1_365' title='bbox 842 2941 966 2996; x_wconf 91' lang='lat' dir='ltr'>prius</span> <span class='ocrx_word' id='word_1_366' title='bbox 1009 2940 1225 2997; x_wconf 89' lang='lat' dir='ltr'>privatim</span> <span class='ocrx_word' id='word_1_367' title='bbox 1269 2955 1420 2983; x_wconf 90' lang='lat' dir='ltr'>coram</span> <span class='ocrx_word' id='word_1_368' title='bbox 1463 2940 1670 2996; x_wconf 89' lang='lat' dir='ltr'>patribus</span> <span class='ocrx_word' id='word_1_369' title='bbox 1713 2944 1757 2982; x_wconf 93' lang='lat' dir='ltr'>et</span> <span class='ocrx_word' id='word_1_370' title='bbox 1802 2939 2020 2982; x_wconf 85' lang='lat' dir='ltr'>fratribus</span> 
     </span>
     <span class='ocr_line' id='line_1_41' title="bbox 336 3005 2073 3067; baseline 0.002 -20"><span class='ocrx_word' id='word_1_371' title='bbox 336 3005 652 3048; x_wconf 84' lang='lat' dir='ltr'>exhiberentur</span> <span class='ocrx_word' id='word_1_372' title='bbox 685 3014 728 3050; x_wconf 92' lang='lat' dir='ltr'>et</span> <span class='ocrx_word' id='word_1_373' title='bbox 764 3011 1087 3067; x_wconf 85' lang='lat' dir='ltr'>corrigerentur</span> <span class='ocrx_word' id='word_1_374' title='bbox 1120 3025 1315 3054; x_wconf 90' lang='lat' dir='ltr'>errores:</span> <span class='ocrx_word' id='word_1_375' title='bbox 1353 3016 1453 3053; x_wconf 91' lang='lat' dir='ltr'>tum</span> <span class='ocrx_word' id='word_1_376' title='bbox 1488 3011 1672 3053; x_wconf 91' lang='lat' dir='ltr'>demum</span> <span class='ocrx_word' id='word_1_377' title='bbox 1705 3010 1751 3052; x_wconf 92' lang='lat' dir='ltr'>in</span> <span class='ocrx_word' id='word_1_378' title='bbox 1786 3009 2073 3066; x_wconf 74' lang='lat' dir='ltr'>publicumw</span> 
     </span>
     <span class='ocr_line' id='line_1_42' title="bbox 339 3075 2020 3138; baseline 0.004 -21"><span class='ocrx_word' id='word_1_379' title='bbox 339 3075 581 3130; x_wconf 88' lang='lat' dir='ltr'>prodirent.</span> <span class='ocrx_word' id='word_1_380' title='bbox 625 3078 710 3120; x_wconf 86' lang='lat' dir='ltr'>Sed</span> <span class='ocrx_word' id='word_1_381' title='bbox 745 3086 971 3135; x_wconf 76' lang='lat' dir='ltr'>poetaster</span> <span class='ocrx_word' id='word_1_382' title='bbox 1005 3082 1103 3132; x_wconf 88' lang='lat' dir='ltr'>iste,</span> <span class='ocrx_word' id='word_1_383' title='bbox 1150 3081 1227 3138; x_wconf 90' lang='lat' dir='ltr'>qui</span> <span class='ocrx_word' id='word_1_384' title='bbox 1263 3087 1369 3125; x_wconf 92' lang='lat' dir='ltr'>ante</span> <span class='ocrx_word' id='word_1_385' title='bbox 1403 3081 1635 3124; x_wconf 90' lang='lat' dir='ltr'>biennium</span> <span class='ocrx_word' id='word_1_386' title='bbox 1669 3095 1760 3124; x_wconf 93' lang='lat' dir='ltr'>non</span> <span class='ocrx_word' id='word_1_387' title='bbox 1795 3080 2020 3124; x_wconf 89' lang='lat' dir='ltr'>scribebat</span> 
     </span>
    </p>
   </div>
  </div>
 </body>
</html>
