2188 3535
360 221 430 247 222
1128 198 1205 233 No.
1235 211 1281 244 74
1618 199 1731 242 [1582
1766 197 1864 231 febr.
1898 197 2049 243 kozepe

364 333 526 385 partes.
548 326 699 369 Habet
718 329 871 364 tamen
888 332 998 375 puer
1014 321 1211 372 quatuor
1226 315 1410 358 iuvenes
1426 315 1671 358 catholicos
1688 315 1771 358 sibi
1789 315 2049 357 ministran-

361 405 441 442 tes.
475 399 674 440 Vocatur
704 397 857 434 autem
888 402 999 444 puer
1029 386 1342 442 Sigismundus
1372 391 1417 429 et
1447 388 1586 429 habet
1616 387 1663 429 in
1693 386 1761 428 sui
1791 385 2046 428 custodiam

360 469 627 524 quingentos
660 461 835 505 milites.
872 459 985 501 Sunt
1018 457 1089 498 hic
1122 471 1177 499 ex
1210 457 1376 500 nostris
1407 463 1511 507 tres,
1547 458 1636 499 duo
1669 462 1822 512 patres
1853 461 1897 499 et
1930 471 2047 498 unus

362 539 508 580 frater.
552 534 735 576 Habent
774 529 1062 572 commodam
1099 527 1446 577 habitationem,
1482 543 1598 584 quae
1630 528 1736 570 olim
1768 527 1856 570 fuit
1888 527 2050 570 domus

360 604 615 664 praepositi,
663 601 885 656 templum
935 605 1091 641 tamen
1142 612 1233 641 non
1278 599 1387 641 nihil
1423 599 1609 647 distans,
1648 598 1771 654 quod
1805 598 1913 640 olim
1961 598 2047 640 fuit
2080 607 2103 635 ⁵

359 674 804 731 Augustinianorum,
850 685 954 712 cum
986 668 1227 712 coniuncto
1270 669 1543 712 monasterio
1586 669 1676 711 fere
1718 668 1882 718 diruto,
1926 669 2050 725 quod

359 751 507 789 totum
530 745 691 786 datum
714 747 781 784 est
805 740 1020 784 Societati
1042 754 1123 795 pro
1146 739 1301 782 futura
1322 740 1606 782 habitatione
1629 744 1901 789 nostrorum,
1932 754 2049 796 quae

360 831 464 859 sane
496 815 578 857 erit
612 812 906 869 capacissima
936 816 981 853 et
1013 811 1391 853 commodissima.
1430 811 1614 853 Habent
1647 810 1788 853 nostri
1808 809 1983 866 optima
2003 815 2048 853 et

358 886 552 943 pretiosa
588 887 856 927 ornamenta
887 882 994 925 olim
1027 881 1298 923 cathedralis
1329 881 1552 930 ecclesiae,
1588 896 1704 937 quae
1737 881 1828 923 iam
1862 896 2050 937 usurpa-

359 962 517 1000 verant
551 954 777 998 haeretici.
814 952 968 995 Nostri
1002 951 1341 1001 concionantur,
1376 952 1568 994 audiunt
1597 952 1910 1003 confessiones,
1939 953 2048 1008 bap·
2066 967 2104 995 ιο

358 1028 496 1070 tisant
520 1032 604 1069 etc.
631 1026 842 1080 Princeps
864 1023 1048 1079 singulis
1070 1022 1228 1065 diebus
1249 1022 1374 1065 venit
1397 1023 1455 1065 ad
1477 1027 1679 1065 nostram
1701 1023 2048 1075 habitationem,

359 1100 417 1142 ab
445 1113 535 1140 uno
563 1113 618 1140 ex
647 1096 810 1139 nostris
852 1094 1055 1137 eruditur
1083 1093 1129 1136 in
1170 1094 1310 1136 literis
1337 1098 1382 1135 et
1415 1094 1544 1136 bonis
1581 1094 1794 1143 moribus,
1834 1099 2050 1150 totusque

362 1169 585 1225 dependet
625 1183 651 1210 a
688 1166 865 1215 nostris,
900 1165 960 1208 sic
999 1166 1180 1209 volente
1218 1166 1344 1207 Ser¹¹¹⁰
1364 1179 1465 1220 rege
1493 1164 1718 1214 Poloniae‚
1749 1165 1843 1207 eius
1870 1170 2047 1221 patruo.

360 1240 493 1283 Venit
523 1240 582 1282 ad
610 1253 786 1281 sacrum
814 1242 858 1279 et
887 1237 1150 1280 concionem
1179 1236 1338 1278 diebus
1366 1235 1602 1278 dominicis
1627 1240 1672 1277 et
1699 1235 1838 1285 festis,
1863 1236 2051 1279 comita-

361 1316 435 1354 tus
458 1311 548 1353 suis
571 1308 843 1357 consiliariis,
868 1308 945 1364 qui
968 1313 1123 1351 tamen
1145 1322 1196 1349 eo
1218 1307 1374 1349 relicto
1396 1312 1505 1348 eunt
1527 1307 1585 1348 ad
1607 1307 1913 1350 cathedralem
1943 1307 2051 1350 olim
2067 1322 2102 1350 15

360 1381 590 1424 ecclesiam
632 1378 829 1422 audituri
864 1379 1125 1422 concionem
1153 1377 1442 1426 haereticam,
1476 1382 1767 1420 revertuntur
1802 1383 1958 1420 tamen
1993 1378 2052 1421 ad

365 1453 556 1495 eundem
589 1466 668 1494 suo
700 1456 916 1506 tempore,
949 1450 1116 1492 iterum
1137 1448 1411 1491 comitaturi.
1448 1449 1633 1491 Habent
1659 1449 1801 1491 nostri
1827 1454 2052 1492 trecentos

362 1524 552 1566 florenos
574 1522 618 1564 in
641 1513 835 1577 singulos
862 1536 1003 1564 annos
1019 1521 1077 1564 ad
1092 1520 1283 1563 emenda
1299 1519 1382 1561 sibi
1399 1519 1659 1569 necessaria,
1679 1525 1856 1575 praeter
1870 1535 2049 1576 panem,

361 1595 532 1644 vinum,
574 1593 693 1649 ligna
732 1596 776 1634 et
817 1593 1042 1648 quaedam
1083 1591 1184 1642 alia,
1226 1605 1342 1647 quae
1382 1591 1552 1632 habent
1581 1605 1636 1633 ex
1664 1591 1779 1633 aula.

892 1716 980 1758 Pro
1011 1716 1240 1758 directione
1272 1720 1525 1757 nostrorum.
2068 1730 2107 1757 20

482 1807 537 1847 1⁰.
563 1804 727 1847 Curent
762 1803 904 1845 nostri
940 1803 985 1845 in
1017 1804 1246 1846 communi
1279 1804 1619 1846 conversatione
1641 1818 1797 1846 omnes
1820 1804 2054 1846 aedificare

364 1875 537 1931 optimo
554 1874 675 1917 vitae
694 1874 900 1930 exemplo
919 1890 925 1917 :
961 1874 1182 1931 imprimis
1197 1889 1303 1917 vero
1320 1889 1547 1917 summam
1563 1889 1670 1930 prae
1685 1889 1730 1916 se
1748 1875 1894 1918 ferant
1911 1874 2054 1918 chari-

364 1951 507 1988 tatem
531 1950 576 1988 et
598 1945 933 1988 humanitatem
962 1946 1008 1987 in
1037 1946 1316 1988 adversarios
1352 1946 1599 1988 catholicae
1635 1950 1815 1988 nostrae
1849 1946 1967 1995 fidei,
2002 1950 2054 1988 ut

362 2016 423 2059 sic
457 2016 632 2059 facilius
664 2030 836 2065 sanam,
871 2031 1117 2073 veramque
1150 2017 1403 2059 doctrinam
1446 2017 1713 2072 persuadere
1757 2017 1820 2059 eis
1865 2017 2051 2074 possint.

492 2090 538 2129 2⁰
578 2087 832 2129 Observent
872 2087 1220 2130 constitutiones
1261 2092 1306 2130 et
1347 2088 1535 2143 regulas,
1567 2093 1792 2144 quantum
1821 2089 1906 2131 loci
1934 2101 2107 2131 Com-25

361 2158 557 2200 moditas
580 2163 623 2200 et
649 2158 854 2213 paucitas
870 2159 1177 2214 operariorum
1204 2158 1456 2214 permittit;
1480 2173 1561 2201 nec
1583 2159 1674 2201 ullo
1700 2159 1835 2202 modo
1859 2164 2055 2216 praeter-

363 2229 549 2271 mittant
583 2229 834 2271 orationem
869 2231 1148 2273 matutinam
1177 2234 1222 2272 et
1252 2235 1498 2286 utrumque
1527 2244 1718 2273 examen
1740 2230 2053 2282 conscientiae,

364 2299 464 2342 licet
499 2300 631 2342 simul
664 2300 796 2342 statis
822 2300 943 2343 horis
964 2305 1149 2356 propter
1169 2301 1351 2356 negotia
1377 2301 1628 2356 persolvere
1661 2315 1713 2344 ea
1743 2316 1834 2344 non
1864 2301 2053 2358 possint,

366 2370 553 2413 recitent
586 2370 726 2413 etiam
755 2371 888 2413 simul
923 2370 1105 2413 litanias
1141 2371 1326 2428 singulis
1362 2372 1532 2414 diebus.

494 2444 540 2494 3⁰
580 2442 820 2497 Templum
868 2442 992 2485 omni
1039 2442 1271 2498 diligentia
1306 2443 1627 2485 accomodetur
1662 2443 1906 2492 decentius,
1945 2456 2108 2499 quo-30

367 2511 425 2552 ad
452 2511 613 2554 altaria
640 2517 684 2554 et
712 2513 896 2569 reliqua,
922 2518 973 2555 ut
1002 2514 1314 2569 spectantibus
1342 2512 1632 2557 devotionem
1661 2514 1840 2557 excitet.

494 2585 539 2635 4⁰
582 2583 771 2625 Fabrica
814 2598 905 2626 non
948 2584 1072 2641 prius
1112 2584 1364 2634 inchoatur,
1397 2599 1536 2640 quam
1568 2585 1623 2627 de
1654 2584 1920 2627 fundatione
1950 2584 2054 2626 resi-

366 2651 542 2693 dentiae
575 2659 817 2709 peragatur
838 2669 941 2697 cum
964 2656 1092 2698 Sermo
1111 2669 1212 2711 rege
1235 2655 1446 2698 Poloniae
1469 2660 1514 2697 et
1537 2656 1742 2698 consulto
1774 2654 2051 2711 provinciali.

497 2725 540 2775 5⁰
596 2724 697 2765 Non
744 2729 976 2768 statuatur
1028 2726 1138 2768 certi
1191 2726 1363 2782 aliquid
1415 2725 1532 2767 circa
1584 2725 1915 2768 habitationem
1958 2721 2055 2767 Illmi

369 2791 580 2846 principis
609 2793 654 2834 in
685 2795 929 2846 Monostor,
961 2797 1045 2839 nisi
1075 2796 1198 2852 prius
1227 2797 1432 2839 consulto
1463 2797 1621 2839 eodem
1651 2801 1792 2852 patre.
2067 2811 2107 2838 35

497 2862 542 2903 60
586 2863 633 2904 P.
682 2865 880 2918 Joannes
925 2867 1121 2909 Lelesius
1164 2867 1210 2909 in
1242 2867 1375 2909 rebus
1409 2867 1560 2922 magni
1594 2866 1813 2909 momenti
1846 2867 2053 2909 consulat

368 2933 415 2973 P.
450 2933 689 2975 Rectorem
730 2937 899 2992 collegii
944 2937 1303 2986 Colosuariensis,
1347 2951 1541 2993 eumque
1583 2937 1638 2979 de
1679 2937 1811 2979 rebus
1843 2937 1934 2980 suis
1963 2952 2053 2980 cer-

367 3002 527 3044 tiorem
543 3003 701 3045 reddat
717 3006 876 3049 saltem
892 3008 960 3050 bis
976 3008 1159 3063 singulis
1174 3007 1415 3057 mensibus,
1433 3007 1563 3050 iuxta
1578 3008 1778 3064 regulam
1795 3020 1861 3063 24.
1881 3022 2050 3059 eorum,

366 3071 444 3128 qui
482 3072 525 3113 in
565 3072 850 3119 missionibus
886 3084 1136 3121 versantur.

637 3159 824 3202 (Eredeti‚
852 3163 1074 3208 sajistkezfi,
1104 3175 1128 3198 a
1156 3164 1450 3209 Jezsuita·rend
1477 3163 1784 3207 leveltaraban.)
2066 3165 2106 3192 40
