2188 3535
337 202 411 245 246
1105 192 1179 225 No.
1211 202 1259 236 79
1717 191 1832 237 [1582
1865 190 1971 225 decz.
2007 203 2029 237 7

335 318 393 360 ad
415 316 731 359 liberalitatem
754 316 797 354 et
821 311 1153 364 eleemosynam
1176 312 1220 349 et
1244 306 1327 363 ipsi
1360 321 1517 350 sumus
1539 307 1730 350 caeteris
1752 307 2000 352 tenaciores
2017 323 2026 359 ;

336 388 433 431 aliis
460 387 575 429 festa
602 382 938 440 promulgamus
966 383 1010 421 et
1038 378 1122 434 ipsi
1150 391 1241 420 non
1268 377 1578 428 observamus,
1609 383 1694 421 etc.

466 456 617 503 Doleo,
650 451 771 508 quod
812 449 934 492 nulla
964 448 1054 490 fere
1083 447 1384 491 consolatoria
1413 448 1537 491 facta
1567 450 1690 492 Tuae
1721 443 2029 493 R‘iaescribere

334 526 513 583 possim,
532 539 585 565 ex
602 524 685 564 hac
703 519 911 576 sylvestri
930 518 1064 561 vinea
1081 523 1126 561 et
1146 518 1318 561 inculta
1335 532 1344 569 ;
1367 519 1446 561 sed
1463 518 1529 562 ita
1550 525 1757 575 tempora
1775 533 1895 562 nunc
1914 519 2027 563 tule-

336 601 455 643 runt,
481 599 531 635 ut
556 597 600 634 et
623 591 706 647 ipsi
730 589 1032 632 amaritudine
1055 589 1327 645 repleremur
1349 595 1394 632 et
1418 589 1592 632 fructus
1634 590 1777 632 nostri
1803 589 2026 640 insuaves,
2061 604 2078 632 5

333 664 518 707 erudiet
535 661 680 704 acerbi
698 665 857 703 essent.
876 661 1045 702 Verum
1061 674 1189 715 spero
1206 674 1278 702 me
1294 674 1349 702 ex
1368 660 1598 703 Varadmo
1616 660 1820 703 meliores
1835 665 1881 703 et
1897 661 2028 704 melle

334 734 560 777 suaviores
591 731 845 774 missurum.
872 729 1092 785 Quamvis
1122 735 1167 772 et
1199 745 1254 773 ex
1284 730 1353 772 his
1385 730 1569 781 acerbis,
1604 731 1774 773 multas
1804 731 2028 774 utilitates

337 810 381 847 et
418 803 616 846 cautelas
653 816 733 857 pro
772 801 926 842 futuro
962 805 1134 843 rectore
1172 805 1254 843 tua
1290 801 1534 857 prudentia
1571 801 1739 856 poterit
1777 816 2026 858 excerpere.

333 876 427 917 Nec
454 873 574 916 enim
601 874 724 915 Deus
751 871 838 914 ista
865 871 911 913 in
938 871 1167 927 principiis
1195 871 1307 914 solet
1336 871 1599 927 permittere
1627 871 1810 915 frustra.
1840 873 2029 916 Verum-

329 950 483 987 tamen
513 958 595 986 vae
619 942 716 992 illis,
746 956 824 998 per
852 956 965 998 quos
987 942 1253 984 scandalum
1276 942 1401 984 venit
1422 957 1428 985 :
1466 942 1543 998 qui
1567 942 1788 998 evangelii
1810 957 2029 1000 propaga·
2044 958 2079 986 10

329 1015 441 1058 tioni
470 1012 755 1057 obstaculum
785 1017 1038 1068 opponunt,
1070 1012 1148 1069 qui
1178 1013 1298 1055 malo
1328 1027 1409 1055 suo
1439 1013 1650 1069 exemplo
1673 1013 1719 1055 in
1742 1028 1878 1056 causa
1906 1019 2026 1066 sunt,

327 1100 382 1128 ne
409 1084 622 1127 haeretici
651 1090 729 1127 aut
759 1088 1018 1139 peccatores
1046 1088 1404 1134 convertantur;
1436 1088 1517 1126 aut
1549 1089 1600 1126 ut
1631 1084 1836 1127 conversi
1862 1084 2029 1129 iterum

326 1157 372 1198 in
398 1155 610 1211 pristinos
640 1169 807 1197 errores
845 1154 1121 1204 relabantur,
1162 1154 1287 1210 quod
1311 1154 1382 1196 hic
1417 1154 1626 1210 plurimis
1651 1154 1829 1197 accidit.
1866 1156 2029 1212 Itaque

325 1226 397 1269 hic
420 1227 466 1268 in
488 1226 643 1281 primis
664 1230 878 1268 oneratur
898 1224 1174 1267 conscientia
1197 1224 1396 1274 Oliverii,
1422 1225 1500 1281 qui
1525 1225 1699 1268 malum
1720 1225 1824 1268 huic
1846 1226 2029 1283 collegio

330 1297 434 1340 iecit
463 1296 758 1352 principium;
797 1296 852 1338 de
883 1310 974 1352 quo
1012 1296 1172 1352 longus
1208 1295 1319 1338 mihi
1346 1310 1451 1338 cum
1478 1297 1578 1339 Tua
1613 1297 1887 1340 Reverentia
1914 1302 2028 1341 esset
2045 1312 2079 1340 15

332 1382 491 1416 sermo,
509 1367 587 1409 sed
601 1367 702 1409 nolo
718 1381 836 1408 nunc
858 1371 1059 1409 veterem
1074 1381 1291 1409 renovare
1308 1367 1509 1410 dolorem
1530 1381 1539 1417 ;
1568 1372 1784 1410 oneratur
1799 1372 1844 1410 et
1861 1368 2028 1411 consci-

335 1438 458 1480 entia
473 1439 520 1481 P.
538 1437 793 1480 Visitatoris
820 1442 865 1479 et
891 1437 1197 1487 Provincialis,
1226 1437 1304 1494 qui
1325 1437 1608 1494 superficiem
1624 1443 1808 1481 tantum
1823 1444 2029 1482 raserunt

328 1514 373 1551 et
395 1508 592 1551 radicem
630 1508 851 1550 malorum
873 1523 964 1551 non
990 1508 1277 1551 abstulerunt
1295 1523 1303 1559 ;
1350 1514 1567 1551 oneratur
1606 1514 1836 1565 postremo
1858 1514 1903 1552 et
1925 1523 2029 1552 con-

328 1579 516 1622 scientia
536 1580 657 1621 Tuae
681 1573 793 1628 Rffl‘e,
816 1578 852 1621 si
874 1583 945 1621 tot
968 1579 1192 1622 scandalis
1214 1584 1259 1621 et
1283 1579 1624 1635 impedimentis
1647 1580 1868 1636 evangelii
1889 1595 2028 1624 reme-

330 1650 455 1692 dium
471 1655 647 1692 mature
663 1664 752 1692 non
768 1650 1040 1692 adhibuerit.
1060 1651 1170 1706 Ego,
1191 1650 1315 1706 quod
1332 1649 1461 1706 potui
1479 1655 1523 1692 et
1541 1650 1678 1693 debui
1694 1651 1851 1702 facere,
1877 1651 1961 1694 feci
1984 1657 2029 1694 et
2045 1666 2080 1694 20

331 1720 652 1763 conscientiam
674 1720 745 1763 hic
768 1735 917 1764 meam
948 1721 994 1763 in
1017 1726 1219 1763 vestram
1241 1721 1497 1763 exoneravi.
1528 1722 1742 1777 Ignoscat
1764 1722 1863 1764 Tua
1886 1724 2029 1765 Reve-

329 1791 476 1833 rentia
501 1791 699 1833 libertati
736 1806 874 1841 meae,
906 1791 1014 1848 quia
1035 1791 1128 1834 iarn
1150 1797 1287 1834 antea
1308 1796 1505 1834 testatus
1530 1806 1644 1842 sum,
1673 1807 1744 1835 me
1770 1792 1880 1834 nulli
1901 1793 2028 1842 velle,

329 1876 410 1904 nec
431 1861 541 1904 scire
563 1862 772 1911 blandiri,
797 1863 876 1904 sed
898 1868 1052 1918 aperte
1076 1867 1121 1905 et
1151 1863 1320 1905 sincere
1355 1862 1600 1905 veritatem
1634 1877 1787 1906 coram
1818 1863 2029 1906 omnibus

327 1932 450 1988 loqui
483 1932 701 1975 didicisse.
744 1934 901 1976 Servet
931 1933 1134 1976 Christus
1163 1934 1364 1989 optimus
1387 1934 1614 1976 maximus
1636 1935 1782 1976 Tuam
1807 1936 2030 1977 Reveren-

330 2003 444 2045 tiam
476 2003 616 2053 nobis,
652 2003 865 2046 Societati
898 2008 942 2046 et
976 2004 1063 2047 toti
1092 2004 1304 2047 ecclesiae
1336 2019 1442 2047 suae
1465 2004 1719 2047 diutissime
1741 2004 2026 2048 incolumem.
2045 2019 2081 2047 25

470 2075 618 2116 Datae
644 2074 936 2131 Claudiopoli,
967 2076 1090 2129 1582.
1122 2088 1186 2132 19.
1215 2075 1438 2118 Octobris.

465 2145 588 2188 Tuae
616 2146 911 2188 Reverendae
939 2145 1236 2189 Paternitatis

1186 2216 1397 2273 indignus
1428 2217 1476 2259 in
1508 2216 1687 2260 Christo
1718 2217 1835 2260 filius

1071 2288 1331 2344 Stephanus
1361 2289 1531 2330 Arator
1562 2288 1824 2331 Pannonius
1855 2302 1970 2345 rnpr.

457 2372 699 2411 I<·z'ilczz'nze.·
729 2373 973 2412 Admodum
1004 2369 1083 2412 Rd⁰
1114 2374 1155 2412 in
1186 2374 1352 2413 Christo
1384 2373 1501 2413 Patri
1535 2374 1710 2413 Claudio
1740 2374 2081 2426 Aquaevivae‚3o

329 2430 508 2478 generali
543 2431 782 2481 praeposito
817 2431 1038 2471 Societatis
1074 2433 1189 2483 Jesu.
1227 2433 1401 2471 Romae.

603 2504 794 2546 (Eredeti‚
822 2505 1046 2550 sajatkezi'i,
1076 2517 1099 2540 a
1128 2506 1424 2551 Jezsuita-rend
1452 2505 1758 2549 leveltaraban.)

1145 2624 1215 2668 79.

867 2705 1017 2754 Varso',
1052 2706 1164 2759 1582
1196 2705 1431 2747 deczember
1463 2717 1500 2759 7.

462 2785 506 2824 P.
539 2787 762 2828 Possevino
791 2791 921 2830 Antal
950 2791 1059 2831 Galli
1088 2791 1307 2831 Ptolomeo
1336 2790 1886 2831 biboros—allamtitkarnak.
2044 2805 2080 2832 35

442 2860 617 2911 Bsitlzory
636 2864 660 2902 I
662 2866 774 2904 stva‘n
793 2866 926 2917 kira‘ly
945 2871 1005 2906 azt
1023 2867 1191 2918 kivcinja
1209 2867 1297 2913 to'le,
1316 2867 1420 2919 hogy
1439 2880 1485 2905 az
1503 2867 1529 2905 τὶ
1532 2867 1549 2917 j
1567 2866 1819 2905 esztendo'ben
1837 2866 2028 2918 induljon

339 2918 539 2967 Erdelybe,
573 2921 674 2971 lzogy
707 2925 955 2976 megismerje
987 2939 1006 2964 s
1039 2926 1322 2977 mega‘llapz‘tsa
1356 2939 1379 2964 a
1413 2925 1702 2964 szemina'rium
1734 2925 1868 2976 dolgoit
1899 2938 1918 2964 s
1951 2925 2026 2965 elb'-

336 2976 498 3015 ke‘szitse
527 2991 572 3016 a:
599 2981 745 3031 erdelyi
773 2985 1002 3036 piispdksbg
1027 2985 1273 3034 selcillita'sa't.

466 3056 612 3111 Dapoi
643 3059 891 3117 dicendogli
922 3063 977 3112 io,
1012 3065 1093 3106 che
1125 3065 1276 3120 doppo
1307 3064 1459 3107 haver'
1495 3065 1713 3107 mandato
1744 3064 1759 3106 i
1790 3064 2029 3108 Moscoviti

340 3131 638 3169 slcuramente
673 3129 718 3171 in
750 3131 988 3183 Moscovia,
1022 3134 1064 3176 io
1095 3149 1170 3177 era
1200 3135 1245 3177 in
1276 3134 1466 3191 qualche
1496 3135 1773 3191 perplessita,
1806 3149 1852 3178 se
1883 3135 2078 3191 primam
