<?xml version="1.0" encoding="UTF-8"?>
<!DOCTYPE html PUBLIC "-//W3C//DTD XHTML 1.0 Transitional//EN"
    "http://www.w3.org/TR/xhtml1/DTD/xhtml1-transitional.dtd">
<html xmlns="http://www.w3.org/1999/xhtml" xml:lang="en" lang="en">
 <head>
  <title>
</title>
<meta http-equiv="Content-Type" content="text/html;charset=utf-8" />
  <meta name='ocr-system' content='tesseract 3.04.00' />
  <meta name='ocr-capabilities' content='ocr_page ocr_carea ocr_par ocr_line ocrx_word'/>
</head>
<body>
  <div class='ocr_page' id='page_1' title='image "./epistolaeetactaj01vereuoft_0320.png"; bbox 0 0 2188 3535; ppageno 0'>
   <div class='ocr_carea' id='block_1_1' title="bbox 355 179 2045 240">
    <p class='ocr_par' dir='ltr' id='par_1_1' title="bbox 355 179 2045 240">
     <span class='ocr_line' id='line_1_1' title="bbox 355 179 2045 240; baseline -0.011 -10"><span class='ocrx_word' id='word_1_1' title='bbox 355 195 428 240; x_wconf 80' lang='lat'>256</span> <span class='ocrx_word' id='word_1_2' title='bbox 1121 183 1194 216; x_wconf 94' lang='lat' dir='ltr'>No.</span> <span class='ocrx_word' id='word_1_3' title='bbox 1226 183 1274 218; x_wconf 88' lang='lat'>86</span> <span class='ocrx_word' id='word_1_4' title='bbox 1714 180 1829 226; x_wconf 77' lang='lat'>[1583</span> <span class='ocrx_word' id='word_1_5' title='bbox 1854 179 1997 213; x_wconf 75' lang='lat' dir='ltr'>marcz.</span> <span class='ocrx_word' id='word_1_6' title='bbox 2020 181 2045 216; x_wconf 90' lang='lat'><strong>6</strong></span> 
     </span>
    </p>
   </div>
   <div class='ocr_carea' id='block_1_2' title="bbox 350 296 2101 3112">
    <p class='ocr_par' dir='ltr' id='par_1_2' title="bbox 350 296 2096 919">
     <span class='ocr_line' id='line_1_2' title="bbox 353 296 2044 360; baseline -0.009 -6"><span class='ocrx_word' id='word_1_7' title='bbox 353 313 625 355; x_wconf 87' lang='lat' dir='ltr'>straverunt,</span> <span class='ocrx_word' id='word_1_8' title='bbox 643 306 703 348; x_wconf 92' lang='lat' dir='ltr'>nil</span> <span class='ocrx_word' id='word_1_9' title='bbox 719 302 962 360; x_wconf 89' lang='lat' dir='ltr'>reperimus</span> <span class='ocrx_word' id='word_1_10' title='bbox 976 299 1096 343; x_wconf 91' lang='lat' dir='ltr'>novi.</span> <span class='ocrx_word' id='word_1_11' title='bbox 1116 300 1175 341; x_wconf 89' lang='lat' dir='ltr'>Et</span> <span class='ocrx_word' id='word_1_12' title='bbox 1191 298 1412 341; x_wconf 87' lang='lat' dir='ltr'>habemus</span> <span class='ocrx_word' id='word_1_13' title='bbox 1427 297 1642 341; x_wconf 84' lang='lat' dir='ltr'>Sacmarii</span> <span class='ocrx_word' id='word_1_14' title='bbox 1660 297 1830 340; x_wconf 90' lang='lat' dir='ltr'>Italum</span> <span class='ocrx_word' id='word_1_15' title='bbox 1845 296 2044 340; x_wconf 92' lang='lat' dir='ltr'>nobilem</span> 
     </span>
     <span class='ocr_line' id='line_1_3' title="bbox 355 367 2042 424; baseline -0.008 -1"><span class='ocrx_word' id='word_1_16' title='bbox 355 381 550 423; x_wconf 89' lang='lat' dir='ltr'>amicum</span> <span class='ocrx_word' id='word_1_17' title='bbox 587 383 631 419; x_wconf 92' lang='lat' dir='ltr'>et</span> <span class='ocrx_word' id='word_1_18' title='bbox 669 389 757 417; x_wconf 91' lang='lat' dir='ltr'>non</span> <span class='ocrx_word' id='word_1_19' title='bbox 795 372 942 415; x_wconf 90' lang='lat' dir='ltr'>minus</span> <span class='ocrx_word' id='word_1_20' title='bbox 978 370 1214 417; x_wconf 92' lang='lat' dir='ltr'>sincerum,</span> <span class='ocrx_word' id='word_1_21' title='bbox 1254 382 1393 424; x_wconf 91' lang='lat' dir='ltr'>quam</span> <span class='ocrx_word' id='word_1_22' title='bbox 1431 368 1608 412; x_wconf 81' lang='lat' dir='ltr'>Caesari</span> <span class='ocrx_word' id='word_1_23' title='bbox 1640 368 1832 417; x_wconf 87' lang='lat' dir='ltr'>fidelem,</span> <span class='ocrx_word' id='word_1_24' title='bbox 1867 367 1946 423; x_wconf 93' lang='lat' dir='ltr'>qui</span> <span class='ocrx_word' id='word_1_25' title='bbox 1977 381 2042 418; x_wconf 91' lang='lat' dir='ltr'>ea,</span> 
     </span>
     <span class='ocr_line' id='line_1_4' title="bbox 353 439 2048 506; baseline -0.006 -15"><span class='ocrx_word' id='word_1_26' title='bbox 353 464 468 506; x_wconf 89' lang='lat' dir='ltr'>quae</span> <span class='ocrx_word' id='word_1_27' title='bbox 497 447 618 503; x_wconf 84' lang='lat' dir='ltr'>pacis</span> <span class='ocrx_word' id='word_1_28' title='bbox 645 449 749 486; x_wconf 90' lang='lat' dir='ltr'>sunt</span> <span class='ocrx_word' id='word_1_29' title='bbox 783 442 909 484; x_wconf 89' lang='lat' dir='ltr'>salva</span> <span class='ocrx_word' id='word_1_30' title='bbox 930 440 1165 496; x_wconf 87' lang='lat' dir='ltr'>utriusque</span> <span class='ocrx_word' id='word_1_31' title='bbox 1188 439 1441 482; x_wconf 81' lang='lat' dir='ltr'>Maiestatis</span> <span class='ocrx_word' id='word_1_32' title='bbox 1462 439 1639 482; x_wconf 88' lang='lat' dir='ltr'>iustitia</span> <span class='ocrx_word' id='word_1_33' title='bbox 1661 439 1846 493; x_wconf 83' lang='lat' dir='ltr'>cogitat.</span> <span class='ocrx_word' id='word_1_34' title='bbox 1872 439 2048 481; x_wconf 90' lang='lat' dir='ltr'>Rumor</span> 
     </span>
     <span class='ocr_line' id='line_1_5' title="bbox 353 508 2047 569; baseline -0.006 -7"><span class='ocrx_word' id='word_1_35' title='bbox 353 525 507 562; x_wconf 88' lang='lat' dir='ltr'>tamen</span> <span class='ocrx_word' id='word_1_36' title='bbox 539 518 888 569; x_wconf 82' lang='lat' dir='ltr'>circumquaque</span> <span class='ocrx_word' id='word_1_37' title='bbox 935 511 1164 553; x_wconf 82' lang='lat' dir='ltr'>ferebatur</span> <span class='ocrx_word' id='word_1_38' title='bbox 1191 510 1262 565; x_wconf 91' lang='lat' dir='ltr'>agi</span> <span class='ocrx_word' id='word_1_39' title='bbox 1290 515 1500 552; x_wconf 89' lang='lat' dir='ltr'>accurate</span> <span class='ocrx_word' id='word_1_40' title='bbox 1547 509 1671 565; x_wconf 92' lang='lat' dir='ltr'>apud</span> <span class='ocrx_word' id='word_1_41' title='bbox 1713 509 1949 551; x_wconf 87' lang='lat' dir='ltr'>Caesarem</span> <span class='ocrx_word' id='word_1_42' title='bbox 1992 508 2047 552; x_wconf 93' lang='lat' dir='ltr'>de</span> 
     </span>
     <span class='ocr_line' id='line_1_6' title="bbox 354 579 2096 636; baseline -0.006 -5"><span class='ocrx_word' id='word_1_43' title='bbox 354 586 579 631; x_wconf 82' lang='lat' dir='ltr'>Sacmario</span> <span class='ocrx_word' id='word_1_44' title='bbox 621 582 914 630; x_wconf 91' lang='lat' dir='ltr'>restituendo,</span> <span class='ocrx_word' id='word_1_45' title='bbox 959 581 1039 623; x_wconf 90' lang='lat' dir='ltr'>sed</span> <span class='ocrx_word' id='word_1_46' title='bbox 1080 580 1245 636; x_wconf 90' lang='lat' dir='ltr'>quibus</span> <span class='ocrx_word' id='word_1_47' title='bbox 1277 585 1373 623; x_wconf 92' lang='lat' dir='ltr'>erat</span> <span class='ocrx_word' id='word_1_48' title='bbox 1406 580 1562 636; x_wconf 91' lang='lat' dir='ltr'>ignota</span> <span class='ocrx_word' id='word_1_49' title='bbox 1594 584 1819 622; x_wconf 86' lang='lat' dir='ltr'>tractatae</span> <span class='ocrx_word' id='word_1_50' title='bbox 1858 579 1949 622; x_wconf 90' lang='lat' dir='ltr'>iam</span> <span class='ocrx_word' id='word_1_51' title='bbox 1985 579 2047 622; x_wconf 88' lang='lat' dir='ltr'>rei</span> <span class='ocrx_word' id='word_1_52' title='bbox 2079 589 2096 616; x_wconf 82' lang='lat'><strong>5</strong></span> 
     </span>
     <span class='ocr_line' id='line_1_7' title="bbox 353 650 2046 707; baseline -0.005 -7"><span class='ocrx_word' id='word_1_53' title='bbox 353 658 484 700; x_wconf 90' lang='lat' dir='ltr'>series</span> <span class='ocrx_word' id='word_1_54' title='bbox 507 670 558 698; x_wconf 90' lang='lat' dir='ltr'>ac</span> <span class='ocrx_word' id='word_1_55' title='bbox 580 654 710 702; x_wconf 89' lang='lat' dir='ltr'>ratio,</span> <span class='ocrx_word' id='word_1_56' title='bbox 735 652 764 694; x_wconf 92' lang='lat' dir='ltr'>ii</span> <span class='ocrx_word' id='word_1_57' title='bbox 788 652 914 695; x_wconf 89' lang='lat' dir='ltr'>varia</span> <span class='ocrx_word' id='word_1_58' title='bbox 936 651 1262 707; x_wconf 89' lang='lat' dir='ltr'>excogitarant,</span> <span class='ocrx_word' id='word_1_59' title='bbox 1295 651 1461 707; x_wconf 89' lang='lat' dir='ltr'>quibus</span> <span class='ocrx_word' id='word_1_60' title='bbox 1497 664 1601 692; x_wconf 91' lang='lat' dir='ltr'>cum</span> <span class='ocrx_word' id='word_1_61' title='bbox 1638 650 1889 693; x_wconf 89' lang='lat' dir='ltr'>exemimus</span> <span class='ocrx_word' id='word_1_62' title='bbox 1926 664 2046 692; x_wconf 90' lang='lat' dir='ltr'>scru-</span> 
     </span>
     <span class='ocr_line' id='line_1_8' title="bbox 352 720 2047 784; baseline -0.004 -15"><span class='ocrx_word' id='word_1_63' title='bbox 352 728 521 784; x_wconf 90' lang='lat' dir='ltr'>pulum,</span> <span class='ocrx_word' id='word_1_64' title='bbox 581 724 658 780; x_wconf 92' lang='lat' dir='ltr'>qui</span> <span class='ocrx_word' id='word_1_65' title='bbox 715 737 857 765; x_wconf 89' lang='lat' dir='ltr'>novas</span> <span class='ocrx_word' id='word_1_66' title='bbox 914 722 1111 778; x_wconf 87' lang='lat' dir='ltr'>ingerere</span> <span class='ocrx_word' id='word_1_67' title='bbox 1166 721 1441 777; x_wconf 88' lang='lat' dir='ltr'>suspiciones</span> <span class='ocrx_word' id='word_1_68' title='bbox 1498 726 1577 763; x_wconf 90' lang='lat' dir='ltr'>aut</span> <span class='ocrx_word' id='word_1_69' title='bbox 1636 721 1787 763; x_wconf 81' lang='lat' dir='ltr'>forsan</span> <span class='ocrx_word' id='word_1_70' title='bbox 1834 720 2047 764; x_wconf 88' lang='lat' dir='ltr'>remorari</span> 
     </span>
     <span class='ocr_line' id='line_1_9' title="bbox 350 791 2047 852; baseline -0.003 -13"><span class='ocrx_word' id='word_1_71' title='bbox 350 797 580 852; x_wconf 81' lang='lat' dir='ltr'>negotium</span> <span class='ocrx_word' id='word_1_72' title='bbox 618 793 852 850; x_wconf 91' lang='lat' dir='ltr'>potuisset.</span> <span class='ocrx_word' id='word_1_73' title='bbox 894 793 1007 835; x_wconf 91' lang='lat' dir='ltr'>Inde</span> <span class='ocrx_word' id='word_1_74' title='bbox 1044 792 1203 835; x_wconf 89' lang='lat' dir='ltr'>eadem</span> <span class='ocrx_word' id='word_1_75' title='bbox 1240 792 1311 834; x_wconf 89' lang='lat' dir='ltr'>die</span> <span class='ocrx_word' id='word_1_76' title='bbox 1349 791 1547 848; x_wconf 87' lang='lat' dir='ltr'>digressi,</span> <span class='ocrx_word' id='word_1_77' title='bbox 1588 806 1643 834; x_wconf 94' lang='lat' dir='ltr'>ne</span> <span class='ocrx_word' id='word_1_78' title='bbox 1681 791 1792 847; x_wconf 92' lang='lat' dir='ltr'>quid</span> <span class='ocrx_word' id='word_1_79' title='bbox 1843 791 1898 834; x_wconf 89' lang='lat' dir='ltr'>de</span> <span class='ocrx_word' id='word_1_80' title='bbox 1947 805 2047 834; x_wconf 89' lang='lat' dir='ltr'>meo</span> 
     </span>
     <span class='ocr_line' id='line_1_10' title="bbox 351 862 1400 919; baseline -0.005 -10"><span class='ocrx_word' id='word_1_81' title='bbox 351 867 572 910; x_wconf 90' lang='lat' dir='ltr'>comitatu</span> <span class='ocrx_word' id='word_1_82' title='bbox 611 865 662 919; x_wconf 93' lang='lat' dir='ltr'>(si</span> <span class='ocrx_word' id='word_1_83' title='bbox 695 879 785 906; x_wconf 93' lang='lat' dir='ltr'>non</span> <span class='ocrx_word' id='word_1_84' title='bbox 819 864 874 906; x_wconf 92' lang='lat' dir='ltr'>de</span> <span class='ocrx_word' id='word_1_85' title='bbox 908 864 993 917; x_wconf 93' lang='lat' dir='ltr'>me)</span> <span class='ocrx_word' id='word_1_86' title='bbox 1032 862 1400 919; x_wconf 89' lang='lat' dir='ltr'>suspicarentur.</span> 
     </span>
    </p>

    <p class='ocr_par' dir='ltr' id='par_1_3' title="bbox 350 933 2100 2831">
     <span class='ocr_line' id='line_1_11' title="bbox 483 933 2097 991; baseline -0.002 -12"><span class='ocrx_word' id='word_1_87' title='bbox 483 937 717 979; x_wconf 74' lang='lat' dir='ltr'>Erdodum</span> <span class='ocrx_word' id='word_1_88' title='bbox 746 949 772 977; x_wconf 89' lang='lat' dir='ltr'>a</span> <span class='ocrx_word' id='word_1_89' title='bbox 800 934 1028 991; x_wconf 83' lang='lat' dir='ltr'>praefecto</span> <span class='ocrx_word' id='word_1_90' title='bbox 1058 933 1306 989; x_wconf 90' lang='lat' dir='ltr'>Hungarici</span> <span class='ocrx_word' id='word_1_91' title='bbox 1333 933 1566 989; x_wconf 88' lang='lat' dir='ltr'>equitatus</span> <span class='ocrx_word' id='word_1_92' title='bbox 1594 933 1782 975; x_wconf 87' lang='lat' dir='ltr'>adducti</span> <span class='ocrx_word' id='word_1_93' title='bbox 1811 947 2046 989; x_wconf 91' lang='lat' dir='ltr'>peraman-</span> <span class='ocrx_word' id='word_1_94' title='bbox 2064 942 2097 969; x_wconf 81' lang='lat'>10</span> 
     </span>
     <span class='ocr_line' id='line_1_12' title="bbox 350 1003 2047 1062; baseline -0.003 -11"><span class='ocrx_word' id='word_1_95' title='bbox 350 1013 419 1051; x_wconf 92' lang='lat' dir='ltr'>ter</span> <span class='ocrx_word' id='word_1_96' title='bbox 440 1021 608 1056; x_wconf 61' lang='lat' dir='ltr'>sumus</span> <span class='ocrx_word' id='word_1_97' title='bbox 631 1006 708 1062; x_wconf 92' lang='lat' dir='ltr'>qui</span> <span class='ocrx_word' id='word_1_98' title='bbox 729 1020 879 1048; x_wconf 87' lang='lat' dir='ltr'>secum</span> <span class='ocrx_word' id='word_1_99' title='bbox 900 1004 1106 1060; x_wconf 89' lang='lat' dir='ltr'>equitum</span> <span class='ocrx_word' id='word_1_100' title='bbox 1127 1004 1198 1046; x_wconf 91' lang='lat' dir='ltr'>ala</span> <span class='ocrx_word' id='word_1_101' title='bbox 1219 1009 1432 1060; x_wconf 89' lang='lat' dir='ltr'>paratum</span> <span class='ocrx_word' id='word_1_102' title='bbox 1452 1004 1498 1045; x_wconf 93' lang='lat' dir='ltr'>in</span> <span class='ocrx_word' id='word_1_103' title='bbox 1519 1018 1618 1046; x_wconf 90' lang='lat' dir='ltr'>meo</span> <span class='ocrx_word' id='word_1_104' title='bbox 1640 1003 1820 1046; x_wconf 90' lang='lat' dir='ltr'>redditu</span> <span class='ocrx_word' id='word_1_105' title='bbox 1841 1003 2047 1046; x_wconf 81' lang='lat' dir='ltr'>futurum</span> 
     </span>
     <span class='ocr_line' id='line_1_13' title="bbox 351 1074 2047 1126; baseline -0.002 -6"><span class='ocrx_word' id='word_1_106' title='bbox 351 1079 471 1121; x_wconf 91' lang='lat' dir='ltr'>ultro</span> <span class='ocrx_word' id='word_1_107' title='bbox 497 1077 625 1126; x_wconf 85' lang='lat' dir='ltr'>dixit,</span> <span class='ocrx_word' id='word_1_108' title='bbox 652 1082 703 1118; x_wconf 92' lang='lat' dir='ltr'>ut</span> <span class='ocrx_word' id='word_1_109' title='bbox 728 1091 799 1118; x_wconf 91' lang='lat' dir='ltr'>me</span> <span class='ocrx_word' id='word_1_110' title='bbox 824 1076 882 1118; x_wconf 95' lang='lat' dir='ltr'>ob</span> <span class='ocrx_word' id='word_1_111' title='bbox 897 1077 1147 1117; x_wconf 90' lang='lat' dir='ltr'>Turcarum</span> <span class='ocrx_word' id='word_1_112' title='bbox 1171 1075 1457 1117; x_wconf 86' lang='lat' dir='ltr'>excursiones</span> <span class='ocrx_word' id='word_1_113' title='bbox 1482 1080 1584 1117; x_wconf 84' lang='lat' dir='ltr'>tuto</span> <span class='ocrx_word' id='word_1_114' title='bbox 1610 1075 1851 1117; x_wconf 84' lang='lat' dir='ltr'>deduceret</span> <span class='ocrx_word' id='word_1_115' title='bbox 1877 1089 1942 1124; x_wconf 89' lang='lat' dir='ltr'>eo,</span> <span class='ocrx_word' id='word_1_116' title='bbox 1969 1074 2047 1116; x_wconf 92' lang='lat' dir='ltr'>ubi</span> 
     </span>
     <span class='ocr_line' id='line_1_14' title="bbox 353 1145 2049 1203; baseline -0.002 -11"><span class='ocrx_word' id='word_1_117' title='bbox 353 1150 496 1193; x_wconf 89' lang='lat' dir='ltr'>altera</span> <span class='ocrx_word' id='word_1_118' title='bbox 527 1147 772 1203; x_wconf 89' lang='lat' dir='ltr'>Hungarici</span> <span class='ocrx_word' id='word_1_119' title='bbox 803 1147 874 1189; x_wconf 91' lang='lat' dir='ltr'>ala</span> <span class='ocrx_word' id='word_1_120' title='bbox 904 1146 1137 1202; x_wconf 90' lang='lat' dir='ltr'>equitatus</span> <span class='ocrx_word' id='word_1_121' title='bbox 1166 1151 1409 1201; x_wconf 86' lang='lat' dir='ltr'>exceptum</span> <span class='ocrx_word' id='word_1_122' title='bbox 1444 1145 1490 1187; x_wconf 92' lang='lat' dir='ltr'>in</span> <span class='ocrx_word' id='word_1_123' title='bbox 1529 1150 1742 1201; x_wconf 86' lang='lat' dir='ltr'>pacatam</span> <span class='ocrx_word' id='word_1_124' title='bbox 1766 1145 2049 1201; x_wconf 88' lang='lat' dir='ltr'>Hungariam</span> 
     </span>
     <span class='ocr_line' id='line_1_15' title="bbox 351 1216 2048 1272; baseline -0.002 -10"><span class='ocrx_word' id='word_1_125' title='bbox 351 1221 656 1262; x_wconf 86' lang='lat' dir='ltr'>comitaretur.</span> <span class='ocrx_word' id='word_1_126' title='bbox 670 1220 807 1260; x_wconf 89' lang='lat' dir='ltr'>Porro</span> <span class='ocrx_word' id='word_1_127' title='bbox 820 1217 1100 1260; x_wconf 82' lang='lat' dir='ltr'>Sacmarium</span> <span class='ocrx_word' id='word_1_128' title='bbox 1114 1222 1382 1272; x_wconf 88' lang='lat' dir='ltr'>caeteraque</span> <span class='ocrx_word' id='word_1_129' title='bbox 1399 1216 1690 1272; x_wconf 88' lang='lat' dir='ltr'>inspeximus.</span> <span class='ocrx_word' id='word_1_130' title='bbox 1707 1216 1879 1259; x_wconf 85' lang='lat' dir='ltr'>Civitas</span> <span class='ocrx_word' id='word_1_131' title='bbox 1891 1216 1990 1272; x_wconf 83' lang='lat' dir='ltr'>ipsa</span> <span class='ocrx_word' id='word_1_132' title='bbox 2003 1221 2048 1259; x_wconf 89' lang='lat' dir='ltr'>et</span> 
     </span>
     <span class='ocr_line' id='line_1_16' title="bbox 350 1287 2098 1344; baseline -0.002 -11"><span class='ocrx_word' id='word_1_133' title='bbox 350 1296 515 1333; x_wconf 89' lang='lat' dir='ltr'>natura</span> <span class='ocrx_word' id='word_1_134' title='bbox 531 1289 628 1338; x_wconf 87' lang='lat' dir='ltr'>loci,</span> <span class='ocrx_word' id='word_1_135' title='bbox 647 1294 691 1331; x_wconf 92' lang='lat' dir='ltr'>et</span> <span class='ocrx_word' id='word_1_136' title='bbox 708 1288 923 1344; x_wconf 89' lang='lat' dir='ltr'>planitiae</span> <span class='ocrx_word' id='word_1_137' title='bbox 939 1288 1015 1330; x_wconf 92' lang='lat' dir='ltr'>illa</span> <span class='ocrx_word' id='word_1_138' title='bbox 1030 1287 1182 1336; x_wconf 91' lang='lat' dir='ltr'>nobili,</span> <span class='ocrx_word' id='word_1_139' title='bbox 1208 1302 1259 1330; x_wconf 93' lang='grc'>30</span> <span class='ocrx_word' id='word_1_140' title='bbox 1282 1288 1341 1329; x_wconf 83' lang='grc'>01)</span> <span class='ocrx_word' id='word_1_141' title='bbox 1360 1287 1550 1330; x_wconf 84' lang='lat' dir='ltr'>Samosii</span> <span class='ocrx_word' id='word_1_142' title='bbox 1572 1287 1772 1329; x_wconf 90' lang='lat' dir='ltr'>fluminis</span> <span class='ocrx_word' id='word_1_143' title='bbox 1794 1287 2046 1336; x_wconf 88' lang='lat' dir='ltr'>commoda,</span> <span class='ocrx_word' id='word_1_144' title='bbox 2066 1297 2098 1324; x_wconf 77' lang='lat'>15</span> 
     </span>
     <span class='ocr_line' id='line_1_17' title="bbox 354 1357 2049 1417; baseline -0.002 -14"><span class='ocrx_word' id='word_1_145' title='bbox 354 1361 431 1417; x_wconf 91' lang='lat' dir='ltr'>qui</span> <span class='ocrx_word' id='word_1_146' title='bbox 447 1375 547 1403; x_wconf 90' lang='lat' dir='ltr'>eam</span> <span class='ocrx_word' id='word_1_147' title='bbox 563 1360 690 1416; x_wconf 90' lang='lat' dir='ltr'>quasi</span> <span class='ocrx_word' id='word_1_148' title='bbox 720 1359 882 1401; x_wconf 89' lang='lat' dir='ltr'>circino</span> <span class='ocrx_word' id='word_1_149' title='bbox 906 1359 1220 1402; x_wconf 88' lang='lat' dir='ltr'>circumducto</span> <span class='ocrx_word' id='word_1_150' title='bbox 1241 1358 1528 1400; x_wconf 88' lang='lat' dir='ltr'>circumsidet</span> <span class='ocrx_word' id='word_1_151' title='bbox 1552 1363 1597 1400; x_wconf 91' lang='lat' dir='ltr'>et</span> <span class='ocrx_word' id='word_1_152' title='bbox 1620 1357 1890 1407; x_wconf 88' lang='lat' dir='ltr'>circumluit,</span> <span class='ocrx_word' id='word_1_153' title='bbox 1920 1358 2049 1400; x_wconf 90' lang='lat' dir='ltr'>floret</span> 
     </span>
     <span class='ocr_line' id='line_1_18' title="bbox 351 1428 2050 1486; baseline -0.002 -12"><span class='ocrx_word' id='word_1_154' title='bbox 351 1432 513 1480; x_wconf 87' lang='lat' dir='ltr'>adhuc,</span> <span class='ocrx_word' id='word_1_155' title='bbox 545 1446 626 1473; x_wconf 91' lang='lat' dir='ltr'>nec</span> <span class='ocrx_word' id='word_1_156' title='bbox 649 1431 810 1472; x_wconf 89' lang='lat' dir='ltr'>desunt</span> <span class='ocrx_word' id='word_1_157' title='bbox 834 1429 1047 1486; x_wconf 91' lang='lat' dir='ltr'>reliquiae</span> <span class='ocrx_word' id='word_1_158' title='bbox 1071 1429 1410 1479; x_wconf 87' lang='lat' dir='ltr'>catholicorum,</span> <span class='ocrx_word' id='word_1_159' title='bbox 1437 1444 1553 1485; x_wconf 91' lang='lat' dir='ltr'>quae</span> <span class='ocrx_word' id='word_1_160' title='bbox 1577 1429 1797 1472; x_wconf 83' lang='lat' dir='ltr'>Somlium</span> <span class='ocrx_word' id='word_1_161' title='bbox 1819 1428 2050 1472; x_wconf 89' lang='lat' dir='ltr'>interdum</span> 
     </span>
     <span class='ocr_line' id='line_1_19' title="bbox 351 1499 2049 1557; baseline -0.002 -13"><span class='ocrx_word' id='word_1_162' title='bbox 351 1507 610 1550; x_wconf 88' lang='lat' dir='ltr'>excurrunt,</span> <span class='ocrx_word' id='word_1_163' title='bbox 635 1506 821 1557; x_wconf 88' lang='lat' dir='ltr'>peccata</span> <span class='ocrx_word' id='word_1_164' title='bbox 851 1501 1074 1543; x_wconf 88' lang='lat' dir='ltr'>catholico</span> <span class='ocrx_word' id='word_1_165' title='bbox 1110 1500 1334 1543; x_wconf 89' lang='lat' dir='ltr'>sacerdoti</span> <span class='ocrx_word' id='word_1_166' title='bbox 1357 1500 1621 1556; x_wconf 89' lang='lat' dir='ltr'>expiaturae</span> <span class='ocrx_word' id='word_1_167' title='bbox 1644 1505 1688 1542; x_wconf 93' lang='lat' dir='ltr'>et</span> <span class='ocrx_word' id='word_1_168' title='bbox 1714 1499 2049 1542; x_wconf 88' lang='lat' dir='ltr'>Eucharistiam</span> 
     </span>
     <span class='ocr_line' id='line_1_20' title="bbox 353 1571 2050 1627; baseline -0.001 -12"><span class='ocrx_word' id='word_1_169' title='bbox 353 1577 687 1615; x_wconf 88' lang='lat' dir='ltr'>sacrosanctam</span> <span class='ocrx_word' id='word_1_170' title='bbox 739 1577 1016 1627; x_wconf 89' lang='lat' dir='ltr'>sumpturae.</span> <span class='ocrx_word' id='word_1_171' title='bbox 1073 1571 1332 1614; x_wconf 91' lang='lat' dir='ltr'>Molendina</span> <span class='ocrx_word' id='word_1_172' title='bbox 1385 1571 1495 1614; x_wconf 90' lang='lat' dir='ltr'>item</span> <span class='ocrx_word' id='word_1_173' title='bbox 1548 1575 1724 1619; x_wconf 89' lang='lat' dir='ltr'>extant,</span> <span class='ocrx_word' id='word_1_174' title='bbox 1779 1584 1896 1627; x_wconf 93' lang='lat' dir='ltr'>quae</span> <span class='ocrx_word' id='word_1_175' title='bbox 1949 1576 2050 1613; x_wconf 90' lang='lat' dir='ltr'>tum</span> 
     </span>
     <span class='ocr_line' id='line_1_21' title="bbox 353 1642 2100 1697; baseline -0.002 -11"><span class='ocrx_word' id='word_1_176' title='bbox 353 1643 749 1693; x_wconf 83' lang='lat' dir='ltr'>Sacmariensibus,</span> <span class='ocrx_word' id='word_1_177' title='bbox 784 1648 884 1685; x_wconf 87' lang='lat' dir='ltr'>tum</span> <span class='ocrx_word' id='word_1_178' title='bbox 916 1642 1265 1685; x_wconf 83' lang='lat' dir='ltr'>Ne&#39;metensibus</span> <span class='ocrx_word' id='word_1_179' title='bbox 1295 1656 1425 1684; x_wconf 89' lang='lat' dir='ltr'>suam</span> <span class='ocrx_word' id='word_1_180' title='bbox 1456 1656 1641 1697; x_wconf 90' lang='lat' dir='ltr'>operam</span> <span class='ocrx_word' id='word_1_181' title='bbox 1673 1646 1921 1697; x_wconf 87' lang='lat' dir='ltr'>praestant.</span> <span class='ocrx_word' id='word_1_182' title='bbox 1956 1643 2050 1684; x_wconf 88' lang='lat' dir='ltr'>Arx</span> <span class='ocrx_word' id='word_1_183' title='bbox 2065 1652 2100 1679; x_wconf 66' lang='lat'>20</span> 
     </span>
     <span class='ocr_line' id='line_1_22' title="bbox 353 1712 2049 1770; baseline -0.001 -15"><span class='ocrx_word' id='word_1_184' title='bbox 353 1714 464 1770; x_wconf 87' lang='lat' dir='ltr'>ipsa,</span> <span class='ocrx_word' id='word_1_185' title='bbox 489 1729 604 1770; x_wconf 90' lang='lat' dir='ltr'>quae</span> <span class='ocrx_word' id='word_1_186' title='bbox 626 1728 763 1770; x_wconf 86' lang='lat' dir='ltr'>prope</span> <span class='ocrx_word' id='word_1_187' title='bbox 785 1715 953 1756; x_wconf 90' lang='lat' dir='ltr'>flumen</span> <span class='ocrx_word' id='word_1_188' title='bbox 975 1718 1186 1756; x_wconf 87' lang='lat' dir='ltr'>extructa</span> <span class='ocrx_word' id='word_1_189' title='bbox 1205 1718 1286 1762; x_wconf 88' lang='lat' dir='ltr'>est,</span> <span class='ocrx_word' id='word_1_190' title='bbox 1311 1713 1490 1755; x_wconf 90' lang='lat' dir='ltr'>diverso</span> <span class='ocrx_word' id='word_1_191' title='bbox 1506 1713 1564 1755; x_wconf 93' lang='lat' dir='ltr'>ab</span> <span class='ocrx_word' id='word_1_192' title='bbox 1580 1727 1645 1762; x_wconf 92' lang='lat' dir='ltr'>ea,</span> <span class='ocrx_word' id='word_1_193' title='bbox 1670 1726 1786 1768; x_wconf 86' lang='lat' dir='ltr'>quae</span> <span class='ocrx_word' id='word_1_194' title='bbox 1808 1712 1932 1768; x_wconf 90' lang='lat' dir='ltr'>prius</span> <span class='ocrx_word' id='word_1_195' title='bbox 1953 1717 2049 1755; x_wconf 92' lang='lat' dir='ltr'>erat</span> 
     </span>
     <span class='ocr_line' id='line_1_23' title="bbox 352 1783 2052 1841; baseline -0.001 -14"><span class='ocrx_word' id='word_1_196' title='bbox 352 1785 464 1833; x_wconf 87' lang='lat' dir='ltr'>loco,</span> <span class='ocrx_word' id='word_1_197' title='bbox 489 1785 617 1841; x_wconf 90' lang='lat' dir='ltr'>quasi</span> <span class='ocrx_word' id='word_1_198' title='bbox 638 1799 661 1827; x_wconf 92' lang='lat' dir='ltr'>e</span> <span class='ocrx_word' id='word_1_199' title='bbox 682 1785 858 1840; x_wconf 84' lang='lat' dir='ltr'>regione</span> <span class='ocrx_word' id='word_1_200' title='bbox 881 1784 981 1833; x_wconf 91' lang='lat' dir='ltr'>sita,</span> <span class='ocrx_word' id='word_1_201' title='bbox 1006 1785 1165 1827; x_wconf 91' lang='lat' dir='ltr'>domos</span> <span class='ocrx_word' id='word_1_202' title='bbox 1186 1784 1446 1840; x_wconf 81' lang='lat' dir='ltr'>frequentes</span> <span class='ocrx_word' id='word_1_203' title='bbox 1466 1784 1606 1826; x_wconf 93' lang='lat' dir='ltr'>habet</span> <span class='ocrx_word' id='word_1_204' title='bbox 1627 1798 1718 1826; x_wconf 92' lang='lat' dir='ltr'>non</span> <span class='ocrx_word' id='word_1_205' title='bbox 1739 1783 2052 1826; x_wconf 84' lang='lat' dir='ltr'>incommodas</span> 
     </span>
     <span class='ocr_line' id='line_1_24' title="bbox 353 1854 2051 1911; baseline -0.001 -13"><span class='ocrx_word' id='word_1_206' title='bbox 353 1860 398 1898; x_wconf 89' lang='lat' dir='ltr'>et</span> <span class='ocrx_word' id='word_1_207' title='bbox 433 1870 487 1898; x_wconf 86' lang='lat' dir='ltr'>ex</span> <span class='ocrx_word' id='word_1_208' title='bbox 521 1855 659 1898; x_wconf 90' lang='lat' dir='ltr'>latere</span> <span class='ocrx_word' id='word_1_209' title='bbox 693 1856 955 1911; x_wconf 86' lang='lat' dir='ltr'>plerumque</span> <span class='ocrx_word' id='word_1_210' title='bbox 990 1860 1235 1897; x_wconf 91' lang='lat' dir='ltr'>extructas.</span> <span class='ocrx_word' id='word_1_211' title='bbox 1262 1856 1433 1911; x_wconf 89' lang='lat' dir='ltr'>Aggere</span> <span class='ocrx_word' id='word_1_212' title='bbox 1467 1859 1622 1897; x_wconf 91' lang='lat' dir='ltr'>autem</span> <span class='ocrx_word' id='word_1_213' title='bbox 1655 1854 1875 1903; x_wconf 91' lang='lat' dir='ltr'>solidiore,</span> <span class='ocrx_word' id='word_1_214' title='bbox 1911 1868 2051 1910; x_wconf 91' lang='lat' dir='ltr'>quam</span> 
     </span>
     <span class='ocr_line' id='line_1_25' title="bbox 355 1925 2048 1982; baseline -0.001 -14"><span class='ocrx_word' id='word_1_215' title='bbox 355 1926 471 1981; x_wconf 90' lang='lat' dir='ltr'>Riga</span> <span class='ocrx_word' id='word_1_216' title='bbox 508 1926 553 1968; x_wconf 90' lang='lat' dir='ltr'>in</span> <span class='ocrx_word' id='word_1_217' title='bbox 592 1926 780 1968; x_wconf 88' lang='lat' dir='ltr'>Livonia</span> <span class='ocrx_word' id='word_1_218' title='bbox 818 1931 957 1982; x_wconf 86' lang='lat' dir='ltr'>atque</span> <span class='ocrx_word' id='word_1_219' title='bbox 995 1927 1055 1969; x_wconf 94' lang='lat' dir='ltr'>ad</span> <span class='ocrx_word' id='word_1_220' title='bbox 1092 1926 1475 1982; x_wconf 87' lang='lat' dir='ltr'>propugnandum</span> <span class='ocrx_word' id='word_1_221' title='bbox 1514 1925 1700 1981; x_wconf 92' lang='lat' dir='ltr'>aptiore,</span> <span class='ocrx_word' id='word_1_222' title='bbox 1742 1925 1903 1968; x_wconf 92' lang='lat' dir='ltr'>deinde</span> <span class='ocrx_word' id='word_1_223' title='bbox 1942 1939 2048 1967; x_wconf 90' lang='lat' dir='ltr'>vero</span> 
     </span>
     <span class='ocr_line' id='line_1_26' title="bbox 353 1995 2100 2053; baseline 0 -15"><span class='ocrx_word' id='word_1_224' title='bbox 353 1997 493 2039; x_wconf 91' lang='lat' dir='ltr'>firmis</span> <span class='ocrx_word' id='word_1_225' title='bbox 535 1997 881 2053; x_wconf 86' lang='lat' dir='ltr'>propugnaculis</span> <span class='ocrx_word' id='word_1_226' title='bbox 923 1997 1118 2040; x_wconf 91' lang='lat' dir='ltr'>invicem</span> <span class='ocrx_word' id='word_1_227' title='bbox 1161 1997 1554 2052; x_wconf 88' lang='lat' dir='ltr'>respondentibus,</span> <span class='ocrx_word' id='word_1_228' title='bbox 1600 1995 1822 2052; x_wconf 89' lang='lat' dir='ltr'>praesidio</span> <span class='ocrx_word' id='word_1_229' title='bbox 1864 1997 2050 2039; x_wconf 89' lang='lat' dir='ltr'>Germa-</span> <span class='ocrx_word' id='word_1_230' title='bbox 2065 2008 2100 2034; x_wconf 84' lang='lat'>25</span> 
     </span>
     <span class='ocr_line' id='line_1_27' title="bbox 352 2067 2048 2123; baseline 0 -14"><span class='ocrx_word' id='word_1_231' title='bbox 352 2082 514 2110; x_wconf 90' lang='lat' dir='ltr'>norum</span> <span class='ocrx_word' id='word_1_232' title='bbox 547 2068 775 2110; x_wconf 90' lang='lat' dir='ltr'>custodita</span> <span class='ocrx_word' id='word_1_233' title='bbox 808 2073 853 2111; x_wconf 87' lang='lat' dir='ltr'>et</span> <span class='ocrx_word' id='word_1_234' title='bbox 887 2068 1170 2111; x_wconf 87' lang='lat' dir='ltr'>communita</span> <span class='ocrx_word' id='word_1_235' title='bbox 1203 2073 1284 2110; x_wconf 90' lang='lat' dir='ltr'>est.</span> <span class='ocrx_word' id='word_1_236' title='bbox 1323 2067 1533 2123; x_wconf 85' lang='lat' dir='ltr'>Spatium</span> <span class='ocrx_word' id='word_1_237' title='bbox 1566 2067 1717 2123; x_wconf 90' lang='lat' dir='ltr'>ipsum</span> <span class='ocrx_word' id='word_1_238' title='bbox 1750 2067 2048 2123; x_wconf 91' lang='lat' dir='ltr'>peramplum,</span> 
     </span>
     <span class='ocr_line' id='line_1_28' title="bbox 351 2137 2052 2195; baseline 0.001 -16"><span class='ocrx_word' id='word_1_239' title='bbox 351 2143 402 2179; x_wconf 94' lang='lat' dir='ltr'>ut</span> <span class='ocrx_word' id='word_1_240' title='bbox 433 2138 626 2194; x_wconf 89' lang='lat' dir='ltr'>speciem</span> <span class='ocrx_word' id='word_1_241' title='bbox 658 2144 826 2181; x_wconf 86' lang='lat' dir='ltr'>reserat</span> <span class='ocrx_word' id='word_1_242' title='bbox 859 2139 958 2195; x_wconf 90' lang='lat' dir='ltr'>ipsa</span> <span class='ocrx_word' id='word_1_243' title='bbox 990 2153 1081 2181; x_wconf 91' lang='lat' dir='ltr'>una</span> <span class='ocrx_word' id='word_1_244' title='bbox 1114 2153 1195 2181; x_wconf 90' lang='lat' dir='ltr'>arx</span> <span class='ocrx_word' id='word_1_245' title='bbox 1229 2138 1444 2180; x_wconf 84' lang='lat' dir='ltr'>civitatis.</span> <span class='ocrx_word' id='word_1_246' title='bbox 1487 2139 1613 2194; x_wconf 75' lang='lat' dir='ltr'>Quae</span> <span class='ocrx_word' id='word_1_247' title='bbox 1646 2153 1698 2180; x_wconf 88' lang='lat' dir='ltr'>eo</span> <span class='ocrx_word' id='word_1_248' title='bbox 1732 2137 1892 2187; x_wconf 88' lang='lat' dir='ltr'>scribo,</span> <span class='ocrx_word' id='word_1_249' title='bbox 1928 2137 2052 2194; x_wconf 90' lang='lat' dir='ltr'>quod</span> 
     </span>
     <span class='ocr_line' id='line_1_29' title="bbox 352 2208 2050 2264; baseline -0.001 -13"><span class='ocrx_word' id='word_1_250' title='bbox 352 2223 400 2251; x_wconf 75' lang='lat' dir='ltr'>ea</span> <span class='ocrx_word' id='word_1_251' title='bbox 426 2209 594 2264; x_wconf 88' lang='lat' dir='ltr'>species</span> <span class='ocrx_word' id='word_1_252' title='bbox 615 2210 728 2252; x_wconf 89' lang='lat' dir='ltr'>arcis</span> <span class='ocrx_word' id='word_1_253' title='bbox 750 2210 828 2252; x_wconf 92' lang='lat' dir='ltr'>ubi</span> <span class='ocrx_word' id='word_1_254' title='bbox 858 2210 1000 2252; x_wconf 89' lang='lat' dir='ltr'>menti</span> <span class='ocrx_word' id='word_1_255' title='bbox 1030 2224 1155 2252; x_wconf 90' lang='lat' dir='ltr'>meae</span> <span class='ocrx_word' id='word_1_256' title='bbox 1186 2209 1394 2258; x_wconf 91' lang='lat' dir='ltr'>inhaesit,</span> <span class='ocrx_word' id='word_1_257' title='bbox 1427 2224 1518 2251; x_wconf 92' lang='lat' dir='ltr'>non</span> <span class='ocrx_word' id='word_1_258' title='bbox 1548 2209 1684 2251; x_wconf 90' lang='lat' dir='ltr'>semel</span> <span class='ocrx_word' id='word_1_259' title='bbox 1715 2208 2050 2251; x_wconf 90' lang='lat' dir='ltr'>dubitationem</span> 
     </span>
     <span class='ocr_line' id='line_1_30' title="bbox 354 2279 2050 2336; baseline 0.001 -16"><span class='ocrx_word' id='word_1_260' title='bbox 354 2279 463 2321; x_wconf 92' lang='lat' dir='ltr'>mihi</span> <span class='ocrx_word' id='word_1_261' title='bbox 495 2280 645 2322; x_wconf 86' lang='lat' dir='ltr'>iniecit</span> <span class='ocrx_word' id='word_1_262' title='bbox 677 2295 787 2323; x_wconf 92' lang='lat' dir='ltr'>num</span> <span class='ocrx_word' id='word_1_263' title='bbox 819 2281 1091 2323; x_wconf 88' lang='lat' dir='ltr'>christianae</span> <span class='ocrx_word' id='word_1_264' title='bbox 1122 2280 1395 2336; x_wconf 89' lang='lat' dir='ltr'>reipublicae</span> <span class='ocrx_word' id='word_1_265' title='bbox 1426 2279 1673 2336; x_wconf 86' lang='lat' dir='ltr'>expediret,</span> <span class='ocrx_word' id='word_1_266' title='bbox 1708 2284 1760 2321; x_wconf 91' lang='lat' dir='ltr'>ut</span> <span class='ocrx_word' id='word_1_267' title='bbox 1792 2279 2050 2335; x_wconf 89' lang='lat' dir='ltr'>complana-</span> 
     </span>
     <span class='ocr_line' id='line_1_31' title="bbox 354 2350 2100 2406; baseline 0.001 -15"><span class='ocrx_word' id='word_1_268' title='bbox 354 2355 489 2392; x_wconf 71' lang='lat' dir='ltr'>retur.</span> <span class='ocrx_word' id='word_1_269' title='bbox 530 2352 745 2406; x_wconf 90' lang='lat' dir='ltr'>Magnum</span> <span class='ocrx_word' id='word_1_270' title='bbox 782 2351 902 2394; x_wconf 90' lang='lat' dir='ltr'>enim</span> <span class='ocrx_word' id='word_1_271' title='bbox 939 2351 1121 2394; x_wconf 90' lang='lat' dir='ltr'>videtur</span> <span class='ocrx_word' id='word_1_272' title='bbox 1156 2351 1368 2393; x_wconf 90' lang='lat' dir='ltr'>habitum</span> <span class='ocrx_word' id='word_1_273' title='bbox 1405 2355 1690 2393; x_wconf 91' lang='lat' dir='ltr'>momentum</span> <span class='ocrx_word' id='word_1_274' title='bbox 1727 2350 1786 2392; x_wconf 91' lang='lat' dir='ltr'>ad</span> <span class='ocrx_word' id='word_1_275' title='bbox 1822 2350 2051 2406; x_wconf 91' lang='lat' dir='ltr'>ingentem</span> <span class='ocrx_word' id='word_1_276' title='bbox 2065 2362 2100 2388; x_wconf 78' lang='grc' dir='ltr'>3ο</span> 
     </span>
     <span class='ocr_line' id='line_1_32' title="bbox 354 2420 2051 2477; baseline 0.001 -17"><span class='ocrx_word' id='word_1_277' title='bbox 354 2420 475 2462; x_wconf 89' lang='lat' dir='ltr'>illam</span> <span class='ocrx_word' id='word_1_278' title='bbox 515 2421 752 2476; x_wconf 88' lang='lat' dir='ltr'>planiciem</span> <span class='ocrx_word' id='word_1_279' title='bbox 792 2422 1037 2465; x_wconf 90' lang='lat' dir='ltr'>tutandam</span> <span class='ocrx_word' id='word_1_280' title='bbox 1076 2427 1120 2464; x_wconf 90' lang='lat' dir='ltr'>et</span> <span class='ocrx_word' id='word_1_281' title='bbox 1159 2423 1410 2464; x_wconf 90' lang='lat' dir='ltr'>Turcarum</span> <span class='ocrx_word' id='word_1_282' title='bbox 1448 2421 1737 2470; x_wconf 90' lang='lat' dir='ltr'>incursiones,</span> <span class='ocrx_word' id='word_1_283' title='bbox 1779 2421 1857 2477; x_wconf 91' lang='lat' dir='ltr'>qui</span> <span class='ocrx_word' id='word_1_284' title='bbox 1896 2426 2051 2463; x_wconf 88' lang='lat' dir='ltr'>tamen</span> 
     </span>
     <span class='ocr_line' id='line_1_33' title="bbox 355 2491 2052 2548; baseline 0.001 -17"><span class='ocrx_word' id='word_1_285' title='bbox 355 2491 477 2532; x_wconf 90' lang='lat' dir='ltr'>haud</span> <span class='ocrx_word' id='word_1_286' title='bbox 502 2492 755 2547; x_wconf 89' lang='lat' dir='ltr'>longissime</span> <span class='ocrx_word' id='word_1_287' title='bbox 781 2494 947 2535; x_wconf 89' lang='lat' dir='ltr'>absunt</span> <span class='ocrx_word' id='word_1_288' title='bbox 974 2493 1203 2535; x_wconf 89' lang='lat' dir='ltr'>arcendas.</span> <span class='ocrx_word' id='word_1_289' title='bbox 1233 2494 1347 2535; x_wconf 86' lang='lat' dir='ltr'>Cum</span> <span class='ocrx_word' id='word_1_290' title='bbox 1372 2507 1479 2535; x_wconf 89' lang='lat' dir='ltr'>vero</span> <span class='ocrx_word' id='word_1_291' title='bbox 1504 2491 1815 2548; x_wconf 91' lang='lat' dir='ltr'>compensatio</span> <span class='ocrx_word' id='word_1_292' title='bbox 1840 2496 2052 2534; x_wconf 88' lang='lat' dir='ltr'>secutura</span> 
     </span>
     <span class='ocr_line' id='line_1_34' title="bbox 355 2560 2047 2619; baseline 0.002 -19"><span class='ocrx_word' id='word_1_293' title='bbox 355 2560 426 2610; x_wconf 89' lang='lat' dir='ltr'>sit,</span> <span class='ocrx_word' id='word_1_294' title='bbox 464 2561 510 2602; x_wconf 89' lang='lat' dir='ltr'>id</span> <span class='ocrx_word' id='word_1_295' title='bbox 545 2577 723 2618; x_wconf 87' lang='lat' dir='ltr'>quoque</span> <span class='ocrx_word' id='word_1_296' title='bbox 759 2564 1033 2619; x_wconf 89' lang='lat' dir='ltr'>praesidium</span> <span class='ocrx_word' id='word_1_297' title='bbox 1055 2563 1413 2619; x_wconf 89' lang='lat' dir='ltr'>compensationi</span> <span class='ocrx_word' id='word_1_298' title='bbox 1449 2578 1539 2605; x_wconf 92' lang='lat' dir='ltr'>non</span> <span class='ocrx_word' id='word_1_299' title='bbox 1574 2563 1658 2606; x_wconf 91' lang='lat' dir='ltr'>erit</span> <span class='ocrx_word' id='word_1_300' title='bbox 1694 2562 2047 2610; x_wconf 91' lang='lat' dir='ltr'>incommodum,</span> 
     </span>
     <span class='ocr_line' id='line_1_35' title="bbox 358 2633 2050 2690; baseline 0.002 -20"><span class='ocrx_word' id='word_1_301' title='bbox 358 2636 672 2687; x_wconf 82' lang='lat' dir='ltr'>praeterquam</span> <span class='ocrx_word' id='word_1_302' title='bbox 702 2635 824 2689; x_wconf 94' lang='lat' dir='ltr'>quod</span> <span class='ocrx_word' id='word_1_303' title='bbox 852 2634 1007 2677; x_wconf 90' lang='lat' dir='ltr'>divina</span> <span class='ocrx_word' id='word_1_304' title='bbox 1035 2634 1258 2690; x_wconf 90' lang='lat' dir='ltr'>sapientia</span> <span class='ocrx_word' id='word_1_305' title='bbox 1287 2648 1441 2689; x_wconf 89' lang='lat' dir='ltr'>parere</span> <span class='ocrx_word' id='word_1_306' title='bbox 1470 2648 1522 2676; x_wconf 88' lang='grc'>03</span> <span class='ocrx_word' id='word_1_307' title='bbox 1544 2633 1788 2689; x_wconf 91' lang='lat' dir='ltr'>aliquando</span> <span class='ocrx_word' id='word_1_308' title='bbox 1808 2638 1973 2688; x_wconf 88' lang='lat' dir='ltr'>posset,</span> <span class='ocrx_word' id='word_1_309' title='bbox 1998 2638 2050 2674; x_wconf 86' lang='lat' dir='ltr'>ut</span> 
     </span>
     <span class='ocr_line' id='line_1_36' title="bbox 359 2702 2100 2761; baseline 0 -17"><span class='ocrx_word' id='word_1_310' title='bbox 359 2714 503 2755; x_wconf 78' lang='lat' dir='ltr'>neque</span> <span class='ocrx_word' id='word_1_311' title='bbox 550 2703 826 2747; x_wconf 81' lang='lat' dir='ltr'>Sacmarium</span> <span class='ocrx_word' id='word_1_312' title='bbox 872 2705 1214 2761; x_wconf 91' lang='lat' dir='ltr'>complanatum</span> <span class='ocrx_word' id='word_1_313' title='bbox 1260 2705 1495 2760; x_wconf 85' lang='lat' dir='ltr'>accepisse,</span> <span class='ocrx_word' id='word_1_314' title='bbox 1544 2718 1624 2746; x_wconf 92' lang='lat' dir='ltr'>nec</span> <span class='ocrx_word' id='word_1_315' title='bbox 1670 2703 1794 2759; x_wconf 91' lang='lat' dir='ltr'>prius</span> <span class='ocrx_word' id='word_1_316' title='bbox 1840 2702 2051 2745; x_wconf 89' lang='lat' dir='ltr'>habuisse</span> <span class='ocrx_word' id='word_1_317' title='bbox 2073 2716 2100 2743; x_wconf 88' lang='lat'>.5</span> 
     </span>
     <span class='ocr_line' id='line_1_37' title="bbox 357 2770 1706 2831; baseline 0.005 -22"><span class='ocrx_word' id='word_1_318' title='bbox 357 2770 428 2811; x_wconf 75' lang='lat' dir='ltr'>Vm</span> <span class='ocrx_word' id='word_1_319' title='bbox 465 2771 675 2815; x_wconf 81' lang='lat' dir='ltr'>Maiestas</span> <span class='ocrx_word' id='word_1_320' title='bbox 712 2775 851 2831; x_wconf 88' lang='lat' dir='ltr'>Regia</span> <span class='ocrx_word' id='word_1_321' title='bbox 888 2776 1116 2818; x_wconf 88' lang='lat' dir='ltr'>voluisset.</span> <span class='ocrx_word' id='word_1_322' title='bbox 1157 2775 1245 2818; x_wconf 85' lang='lat' dir='ltr'>Sed</span> <span class='ocrx_word' id='word_1_323' title='bbox 1280 2775 1335 2818; x_wconf 92' lang='lat' dir='ltr'>de</span> <span class='ocrx_word' id='word_1_324' title='bbox 1370 2775 1439 2817; x_wconf 92' lang='lat' dir='ltr'>his</span> <span class='ocrx_word' id='word_1_325' title='bbox 1474 2776 1706 2817; x_wconf 89' lang='lat' dir='ltr'>hactenus.</span> 
     </span>
    </p>

    <p class='ocr_par' dir='ltr' id='par_1_4' title="bbox 358 2842 2101 3112">
     <span class='ocr_line' id='line_1_38' title="bbox 492 2842 2051 2896; baseline 0.003 -14"><span class='ocrx_word' id='word_1_326' title='bbox 492 2842 713 2896; x_wconf 85' lang='lat' dir='ltr'>Progressi</span> <span class='ocrx_word' id='word_1_327' title='bbox 749 2846 936 2888; x_wconf 90' lang='lat' dir='ltr'>ulterius</span> <span class='ocrx_word' id='word_1_328' title='bbox 972 2846 1180 2889; x_wconf 84' lang='lat' dir='ltr'>venimus</span> <span class='ocrx_word' id='word_1_329' title='bbox 1217 2845 1449 2894; x_wconf 85' lang='lat' dir='ltr'>Somlium,</span> <span class='ocrx_word' id='word_1_330' title='bbox 1478 2845 1556 2887; x_wconf 90' lang='lat' dir='ltr'>ubi</span> <span class='ocrx_word' id='word_1_331' title='bbox 1583 2844 1686 2886; x_wconf 89' lang='lat' dir='ltr'>licet</span> <span class='ocrx_word' id='word_1_332' title='bbox 1715 2844 1850 2886; x_wconf 80' lang='lat' dir='ltr'>Illmum</span> <span class='ocrx_word' id='word_1_333' title='bbox 1875 2845 1928 2886; x_wconf 94' lang='lat' dir='ltr'>D.</span> <span class='ocrx_word' id='word_1_334' title='bbox 1956 2844 2051 2887; x_wconf 84' lang='lat' dir='ltr'>Ste-</span> 
     </span>
     <span class='ocr_line' id='line_1_39' title="bbox 358 2910 2051 2972; baseline 0.004 -21"><span class='ocrx_word' id='word_1_335' title='bbox 358 2910 559 2964; x_wconf 87' lang='lat' dir='ltr'>phanum</span> <span class='ocrx_word' id='word_1_336' title='bbox 582 2913 882 2958; x_wconf 86' lang='lat' dir='ltr'>Bathoreum4</span> <span class='ocrx_word' id='word_1_337' title='bbox 902 2931 993 2959; x_wconf 92' lang='lat' dir='ltr'>non</span> <span class='ocrx_word' id='word_1_338' title='bbox 1013 2916 1170 2972; x_wconf 91' lang='lat' dir='ltr'>reperi,</span> <span class='ocrx_word' id='word_1_339' title='bbox 1194 2916 1443 2958; x_wconf 90' lang='lat' dir='ltr'>maximam</span> <span class='ocrx_word' id='word_1_340' title='bbox 1464 2920 1618 2957; x_wconf 90' lang='lat' dir='ltr'>tamen</span> <span class='ocrx_word' id='word_1_341' title='bbox 1639 2915 1742 2957; x_wconf 91' lang='lat' dir='ltr'>inde</span> <span class='ocrx_word' id='word_1_342' title='bbox 1764 2915 2051 2970; x_wconf 89' lang='lat' dir='ltr'>voluptatem</span> 
     </span>
     <span class='ocr_line' id='line_1_40' title="bbox 358 2980 2054 3041; baseline 0.004 -20"><span class='ocrx_word' id='word_1_343' title='bbox 358 2980 496 3035; x_wconf 85' lang='lat' dir='ltr'>coepi,</span> <span class='ocrx_word' id='word_1_344' title='bbox 554 2983 676 3037; x_wconf 86' lang='lat' dir='ltr'>quod</span> <span class='ocrx_word' id='word_1_345' title='bbox 722 2984 827 3040; x_wconf 92' lang='lat' dir='ltr'>ipsis</span> <span class='ocrx_word' id='word_1_346' title='bbox 876 2987 1015 3029; x_wconf 90' lang='lat' dir='ltr'>oculis</span> <span class='ocrx_word' id='word_1_347' title='bbox 1062 3001 1288 3029; x_wconf 90' lang='lat' dir='ltr'>cernerem</span> <span class='ocrx_word' id='word_1_348' title='bbox 1338 2986 1561 3041; x_wconf 91' lang='lat' dir='ltr'>templum</span> <span class='ocrx_word' id='word_1_349' title='bbox 1608 2986 1667 3028; x_wconf 93' lang='lat' dir='ltr'>ab</span> <span class='ocrx_word' id='word_1_350' title='bbox 1703 2981 1811 3027; x_wconf 67' lang='lat' dir='ltr'>Illmis</span> <span class='ocrx_word' id='word_1_351' title='bbox 1845 2987 1935 3028; x_wconf 72' lang='lat' dir='ltr'>Vrae</span> <span class='ocrx_word' id='word_1_352' title='bbox 1969 2981 2054 3028; x_wconf 83' lang='lat' dir='ltr'>Mtis</span> 
     </span>
     <span class='ocr_line' id='line_1_41' title="bbox 358 3051 2101 3112; baseline 0.002 -20"><span class='ocrx_word' id='word_1_353' title='bbox 358 3051 620 3105; x_wconf 90' lang='lat' dir='ltr'>parentibus</span> <span class='ocrx_word' id='word_1_354' title='bbox 656 3055 812 3098; x_wconf 90' lang='lat' dir='ltr'>eodem</span> <span class='ocrx_word' id='word_1_355' title='bbox 841 3071 959 3100; x_wconf 88' lang='lat' dir='ltr'>anno</span> <span class='ocrx_word' id='word_1_356' title='bbox 989 3057 1293 3105; x_wconf 90' lang='lat' dir='ltr'>aedificatum,</span> <span class='ocrx_word' id='word_1_357' title='bbox 1325 3071 1377 3099; x_wconf 93' lang='grc'>30</span> <span class='ocrx_word' id='word_1_358' title='bbox 1406 3056 1702 3098; x_wconf 89' lang='lat' dir='ltr'>Beatissimae</span> <span class='ocrx_word' id='word_1_359' title='bbox 1731 3056 1902 3112; x_wconf 90' lang='lat' dir='ltr'>Virgini</span> <span class='ocrx_word' id='word_1_360' title='bbox 1931 3056 2101 3099; x_wconf 73' lang='lat' dir='ltr'>dica-40</span> 
     </span>
    </p>
   </div>
   <div class='ocr_carea' id='block_1_3' title="bbox 378 3127 1291 3140">
    <p class='ocr_par' dir='ltr' id='par_1_5' title="bbox 378 3127 1291 3140">
     <span class='ocr_line' id='line_1_42' title="bbox 378 3127 1291 3140; baseline 0 0"><span class='ocrx_word' id='word_1_361' title='bbox 378 3127 1291 3140; x_wconf 95' lang='lat' dir='ltr'> </span> 
     </span>
    </p>
   </div>
   <div class='ocr_carea' id='block_1_4' title="bbox 485 3153 1613 3202">
    <p class='ocr_par' dir='ltr' id='par_1_6' title="bbox 485 3153 1613 3202">
     <span class='ocr_line' id='line_1_43' title="bbox 485 3153 1613 3202; baseline 0.004 -16"><span class='ocrx_word' id='word_1_362' title='bbox 485 3157 498 3173; x_wconf 82' lang='lat'><strong>⁴</strong></span> <span class='ocrx_word' id='word_1_363' title='bbox 527 3153 560 3186; x_wconf 84' lang='lat' dir='ltr'>A</span> <span class='ocrx_word' id='word_1_364' title='bbox 589 3154 744 3199; x_wconf 83' lang='lat' dir='ltr'>lengyel</span> <span class='ocrx_word' id='word_1_365' title='bbox 772 3157 900 3202; x_wconf 77' lang='lat' dir='ltr'>kiraly</span> <span class='ocrx_word' id='word_1_366' title='bbox 929 3160 1163 3194; x_wconf 75' lang='lat' dir='ltr'>hasonnevi&#39;i</span> <span class='ocrx_word' id='word_1_367' title='bbox 1193 3158 1522 3193; x_wconf 72' lang='lat' dir='ltr'>unokaoccsenek</span> <span class='ocrx_word' id='word_1_368' title='bbox 1550 3158 1613 3192; x_wconf 87' lang='lat' dir='ltr'>fia.</span> 
     </span>
    </p>
   </div>
  </div>
 </body>
</html>
