2188 3535
120 186 216 223 1574
244 177 315 222 jul.
355 179 416 224 15]
895 185 970 222 No.
1002 200 1027 232 4
1763 207 1804 232 11

111 295 191 337 vit.
228 294 316 336 Sed
355 309 410 338 ne
458 299 652 353 populus
687 301 780 343 sine
814 308 996 359 pastore
1030 307 1370 365 relinqueretur,
1411 310 1610 354 obtinuit
1645 327 1673 355 a
1706 328 1807 370 pro-

110 364 289 407 vinciali
317 366 353 407 F
355 367 720 414 ranciscanorum
748 387 830 428 per
857 375 1160 431 Ungariam,14
1187 384 1240 422 ut
1265 380 1439 437 aliquot
1461 382 1547 425 sibi
1568 384 1803 427 conciona-

109 440 227 477 tores
251 437 527 489 concederet,
555 455 669 496 quos
694 442 740 484 in
765 444 953 488 diversis
977 447 1242 493 civitatibus
1267 456 1312 493 et
1337 452 1516 508 oppidis
1541 453 1802 498 dissemina-

107 506 187 549 vit.
230 507 415 550 Habent
455 510 743 555 Franciscani
782 515 930 558 adhuc
970 518 1165 573 plurima
1203 521 1250 564 in
1289 524 1489 579 Ungaria
1528 527 1802 569 monasteria

56 589 75 617 5
106 577 189 619 sub
217 577 362 620 Turca
391 583 436 620 et
466 582 551 624 sub
580 583 848 635 christianis,
880 588 959 629 sed
987 589 1106 632 inter
1133 592 1402 637 christianos
1431 609 1536 638 cum
1564 597 1801 640 haereticis

105 647 271 689 mixtos
300 648 561 694 difficillime
591 653 743 697 vivere
771 663 975 712 possunt,
1007 660 1126 703 inter
1152 663 1321 706 Turcas
1350 670 1507 708 autem
1534 667 1665 723 longe
1694 668 1799 711 faci-

102 717 199 760 lius.
232 719 350 761 Nam
379 725 425 762 et
454 723 657 778 copiosas
686 726 749 768 illi
778 728 958 771 barbari
988 731 1197 775 tribuunt
1226 735 1492 779 elemosinas
1520 742 1566 779 et
1595 752 1799 781 reveren-

102 787 213 830 tiam
258 793 438 834 tantam
484 793 569 835 illis
612 796 845 847 exhibent,
892 806 1067 855 quanta
1107 806 1324 860 apostolis
1358 812 1439 848 aut
1474 808 1663 863 profetis
1716 811 1800 853 Dei

101 858 291 902 debetur
335 866 379 903 et
422 862 611 908 liberam
655 867 716 910 eis
760 870 1028 915 facultatem
1071 875 1369 918 concionandi
1397 879 1619 929 tribuunt,
1665 882 1798 923 sacri—

52 941 86 969 10
99 929 264 972 ficandi
287 936 331 973 et
354 947 432 988 per
454 939 603 978 totam
624 937 835 983 Tusciam
858 943 1184 999 peregrinandi.
1217 948 1287 989 Ex
1316 948 1386 990 his
1410 950 1468 991 ab
1492 949 1797 996 adolescentia

98 999 305 1057 Bathory
320 1017 496 1060 semper
510 1020 662 1050 secum
678 1010 877 1065 aliquem
892 1013 983 1055 hab
991 1014 1107 1070 [uit],
1128 1017 1198 1057 cui
1214 1017 1338 1059 labes
1354 1019 1534 1073 a[nim]i
1550 1020 1794 1077 detegeret,

98 1071 265 1127 quique
293 1088 445 1117 coram
473 1091 519 1118 se
548 1079 816 1123 sacrificium
845 1084 1002 1125 offeret
1032 1091 1077 1127 et
1106 1087 1460 1132 concionaretur.
1494 1091 1555 1132 Et
1584 1094 1795 1146 quamvis

95 1146 248 1197 patres
286 1145 418 1188 huius
457 1148 624 1192 ordinis
662 1151 752 1193 sint
790 1152 913 1195 vitae
950 1154 1358 1208 innocentissimae,
1399 1160 1562 1217 optimi
1599 1164 1797 1219 exempli

95 1217 141 1253 et
169 1215 423 1269 regularum
454 1208 638 1262 suarum
667 1223 1067 1276 observantissimi,
1100 1232 1255 1270 tamen
1284 1229 1404 1285 quia,
1436 1231 1515 1286 qui
1543 1230 1663 1274 iniis
1687 1234 1794 1278 locis

46 1295 81 1322 15
95 1288 216 1333 sunt,
262 1299 353 1328 non
397 1302 552 1331 omnes
596 1297 702 1332 sunt
746 1292 812 1334 ita
857 1293 993 1346 docti,
1039 1301 1092 1338 ut
1136 1299 1467 1344 haereticorum
1512 1303 1793 1358 sophismata

93 1354 268 1409 possint
303 1357 558 1409 dissolvere,
599 1367 839 1417 propterea
878 1379 1047 1420 paucos
1086 1382 1141 1410 ex
1180 1370 1418 1413 haereticis
1458 1373 1518 1415 ad
1557 1375 1792 1418 ecclesiam

92 1425 301 1469 reducere
334 1434 536 1483 possunt.
582 1432 714 1487 Quod
747 1433 1115 1480 animadvertens
1148 1441 1347 1495 prudens
1379 1442 1601 1500 princeps,
1638 1459 1790 1488 rursus

91 1494 175 1537 hoc
200 1510 319 1539 anno
343 1499 486 1542 aciem
511 1502 676 1544 mentis
701 1504 761 1546 ad
785 1511 990 1550 nostram
1015 1509 1290 1554 Societatem
1316 1513 1499 1556 deflexit
1525 1519 1571 1557 et
1597 1517 1788 1572 experiri

90 1565 247 1617 voluit,
280 1582 390 1612 num
419 1571 478 1612 ab
507 1571 583 1614 illa
613 1575 810 1618 secundo
840 1576 932 1620 iam
961 1579 1134 1636 aliquid
1163 1583 1319 1625 auxilii
1340 1584 1583 1640 impetrare
1605 1593 1784 1642 posset,

38 1648 75 1677 20
89 1650 245 1680 verum
267 1639 508 1692 enimvero,
534 1644 641 1699 quia
666 1649 766 1688 toto
796 1647 885 1690 fere
915 1650 1108 1693 triennio
1136 1653 1247 1696 nihil
1275 1656 1386 1697 certi
1414 1656 1474 1698 ad
1501 1671 1605 1699 suas
1632 1658 1785 1701 literas

86 1709 471 1763 responderamus,
507 1728 599 1756 non
630 1717 815 1772 putavit
848 1721 1085 1765 nobiscum
1117 1725 1344 1779 agendum
1377 1741 1471 1770 esse
1504 1742 1584 1784 per
1614 1729 1780 1779 literas,

86 1779 164 1820 sed
185 1779 292 1823 viva
314 1796 423 1824 voce
445 1798 526 1839 per
546 1785 760 1841 legatum.
807 1790 979 1846 Quinta
1017 1793 1155 1849 igitur
1177 1795 1248 1838 die
1272 1798 1424 1840 Martii
1446 1799 1553 1841 anni
1575 1814 1781 1855 praesen·
1795 1816 1898 1844 Mam.
1923 1824 1949 1849 5.

85 1848 143 1891 tis
165 1851 342 1907 scripsit
365 1855 453 1896 huc
477 1856 700 1901 Viennam
723 1859 876 1902 literas
899 1863 959 1905 ad
981 1864 1183 1919 legatum
1206 1881 1339 1911 suum
1362 1870 1586 1913 Thomam
1611 1871 1780 1914 Litera-

85 1922 197 1971 tum,
226 1922 375 1966 virum
400 1926 572 1970 bonum
597 1933 642 1970 et
669 1931 956 1983 catholicum,
986 1936 1064 1991 qui
1089 1951 1164 1979 eas
1190 1939 1320 1982 nobis
1344 1941 1554 1996 legendas
1579 1942 1626 1984 in
1651 1943 1779 1985 colle-

34 2002 70 2029 25
83 1990 206 2045 gium
238 2008 318 2049 per
349 1996 492 2039 filium
526 2012 659 2042 suum
693 2001 829 2052 misit,
866 2019 1061 2060 quarum
1094 2022 1273 2052 summa
1306 2012 1415 2054 haec
1449 2017 1571 2055 erat:

210 2064 265 2106 In
288 2066 434 2120 priore
458 2074 588 2123 parte
613 2075 966 2118 commendabat
991 2077 1031 2119 ei
1055 2079 1263 2136 princeps
1287 2084 1521 2138 negotium
1546 2084 1778 2140 quoddam

82 2146 185 2176 Cum
223 2135 494 2192 imperatore
535 2142 889 2198 transigendum,
931 2147 978 2189 in
1007 2149 1150 2192 altera
1179 2153 1499 2209 praecipiebat,
1540 2159 1592 2196 ut
1623 2155 1778 2197 sedulo

81 2204 315 2249 nobiscum
357 2215 508 2264 ageret
552 2212 606 2254 de
649 2214 927 2269 profectione
982 2219 1028 2261 in
1070 2221 1461 2278 Transylvaniam‚
1520 2225 1776 2282 diceretque

81 2287 126 2315 se
154 2277 283 2319 nobis
311 2279 528 2323 Varadini
556 2283 706 2327 locum
735 2291 780 2327 et
809 2294 1058 2342 proventus
1087 2292 1313 2348 assignare
1342 2295 1616 2338 sufficientes
1645 2297 1771 2339 velle.

30 2355 69 2383 3ο
81 2345 163 2387 Est
201 2353 356 2392 autem
391 2352 671 2398 Varadinum
705 2362 835 2400 extra
869 2360 1247 2417 Transylvaniam
1277 2365 1323 2407 in
1352 2366 1517 2409 finibus
1549 2367 1774 2422 Ungariae

80 2415 239 2460 civitas
265 2421 443 2464 munita
469 2428 514 2465 et
540 2427 773 2481 populosa,
803 2429 913 2472 dum
939 2432 1065 2474 sedes
1091 2434 1356 2491 episcopalis
1382 2442 1427 2478 et
1454 2437 1773 2482 canonicorum

80 2486 415 2542 ditissimorum,
460 2495 538 2550 qui
579 2510 735 2539 omnes
775 2513 802 2540 a
842 2502 1139 2555 praecedente
1180 2506 1377 2549 vaivoda
1418 2508 1585 2550 fuerint
1626 2509 1769 2552 eiecti.

79 2557 208 2601 Nunc
236 2562 394 2605 unicus
423 2564 470 2606 in
498 2580 551 2608 ea
580 2567 745 2611 dicitur
766 2584 859 2612 esse
881 2573 1129 2616 catholicus
1151 2579 1453 2628 monachus‚1⁵
1475 2593 1611 2635 quem
1633 2580 1773 2623 frater

78 2628 301 2687 principis,
345 2635 692 2692 Christophorus
732 2641 940 2698 Bathory
979 2643 1247 2697 introduxit,
1290 2649 1369 2704 qui
1407 2651 1663 2705 praefectus
1702 2657 1770 2694 est

29 2708 66 2735 35
78 2698 275 2745 civitatis
300 2709 345 2746 et
371 2707 497 2757 arcis,
535 2723 651 2765 quae
677 2715 744 2752 est
770 2711 817 2753 in
842 2712 940 2768 ipsa
965 2714 1165 2766 civitate,
1186 2719 1270 2761 sub
1296 2720 1422 2762 cuius
1448 2721 1593 2764 tutela
1618 2737 1770 2765 secure

77 2783 306 2824 possemus
335 2776 542 2820 habitare
573 2785 618 2821 et
649 2783 904 2826 conservari
933 2784 980 2826 in
1010 2787 1158 2830 medio
1188 2790 1530 2835 haereticorum.
1564 2794 1619 2835 In
1650 2794 1768 2836 calce

77 2839 258 2887 demum
287 2846 502 2901 epistolae
531 2852 732 2905 petebat,
764 2858 816 2895 ut
845 2855 944 2897 Tua
974 2857 1259 2910 Reverentia,
1291 2862 1364 2904 vel
1393 2863 1441 2905 P.
1474 2864 1767 2907 Provincialis

77 2911 275 2957 mitteret
305 2932 386 2972 pro
410 2919 631 2976 principio
656 2928 701 2965 et
724 2924 1024 2969 fundamento
1049 2929 1213 2973 solidos
1238 2937 1283 2974 et
1309 2934 1522 2984 eruditos,
1551 2940 1596 2977 et
1622 2937 1766 2978 bonae

201 3027 233 3049 1⁴²
258 3029 392 3065 Tovisi
421 3033 537 3069 Imre.

29 3094 64 3122 40
201 3086 232 3107 ¹⁵
258 3089 447 3138 Magoesy
481 3093 605 3139 Janos
638 3097 820 3139 lehetett,
855 3099 1038 3144 legalabb
1080 3105 1271 3147 1572-ben
1305 3105 1348 3140 ot
1381 3107 1551 3142 kiildtek
1585 3107 1765 3143 Varadra

76 3143 396 3185 predikatornak.
