2188 3535
122 235 216 271 1574
247 228 371 271 szept.
408 229 446 271 8]
897 238 972 273 No.
1012 251 1032 284 7
1772 263 1814 297 17

115 343 299 400 quidem
320 344 491 389 isthaec
514 348 633 392 bona
656 352 868 397 voluntas
890 360 971 399 tua
990 357 1084 400 eius
1101 354 1173 409 1³²¹,
1192 362 1271 403 sed
1292 377 1434 419 quum
1452 366 1499 408 P.
1520 368 1814 413 Provincialis

114 418 158 456 et
188 415 235 456 P.
269 416 437 458 Rector
467 426 726 473 praesentes
760 424 998 470 dilucidius
1033 429 1144 485 quid
1163 431 1322 475 habito
1344 449 1457 490 opus
1478 436 1536 478 sit
1557 437 1808 491 intuentur,

112 498 257 540 neque
289 500 396 529 vero
427 488 674 545 quicquam
706 494 909 538 scribunt
943 498 997 540 de
1028 500 1112 542 hac
1145 516 1204 551 re,
1227 518 1366 559 quam
1385 508 1592 550 cumillis
1611 523 1810 554 commu-

110 554 310 598 nicatam
331 559 549 612 oportuit,
573 566 625 603 ut
648 569 832 608 sanctae
863 569 1247 615 subordinationis
1274 574 1346 617 lex
1375 578 1560 621 omnino
1588 587 1806 632 servetur,

62 634 80 661 5
108 630 345 681 propterea
381 631 642 684 expectabit
666 635 720 676 R.
747 636 794 678 P.
822 637 999 688 Noster,
1024 641 1135 696 quid
1162 642 1247 698 ipsi
1279 645 1333 687 de
1367 651 1466 690 tota
1499 663 1545 691 re
1578 651 1806 702 sentiant;

107 709 189 737 nec
218 696 303 738 tibi
332 698 424 741 ulla
453 700 500 742 in
530 716 576 743 re
607 705 732 759 quod
761 706 856 749 eius
885 709 980 751 fieri
1011 713 1192 766 poterit,
1226 715 1380 759 deerit.
1416 719 1606 764 Interim
1636 723 1806 766 salvere

105 765 250 809 Tuam
284 763 398 810 Ruam
428 769 569 821 iubet,
604 787 740 830 seque
772 782 824 818 ut
857 793 938 821 nos
971 780 1161 825 facimus
1193 790 1276 827 etc.

233 839 420 890 Romae,
456 841 527 884 die
560 855 628 899 24.
663 847 858 902 Augusti
892 862 1015 906 1574.

374 941 605 983 (Hivatalos
635 945 820 989 masolat‚
851 960 874 983 a
903 950 1199 995 Jezsuita-rend
1229 956 1533 1003 leveltare'lban.)

53 1143 86 1171 10
926 1150 966 1193 7.

616 1246 769 1296 Ro'ma,
804 1260 919 1304 1574
950 1254 1203 1308 szeptember
1232 1256 1272 1298 8.

436 1343 481 1383 Ρ.
515 1344 746 1386 Possevino
777 1349 908 1390 Antal
939 1352 984 1391 P.
1018 1352 1176 1394 Szanto
1209 1355 1459 1398 Istvannak.

220 1433 518 1476 Sza‘ndeka‘ban
556 1439 780 1492 ta'mogatja
820 1443 860 1482 ἐς
887 1444 988 1484 kiild
1012 1459 1086 1498 egv
1112 1449 1284 1490 munka‘t
1308 1450 1505 1492 bira‘latra
1531 1455 1571 1493 eis
1597 1455 1799 1497 okula‘snl.

218 1532 291 1574 Ex
318 1533 459 1576 literis
488 1537 541 1578 R.
572 1537 695 1581 Tuae
723 1540 783 1582 ad
811 1543 864 1584 R.
896 1544 944 1585 P.
971 1545 1191 1590 Nostrum
1212 1547 1483 1594 Generalem
1510 1552 1565 1594 de
1594 1552 1795 1598 iuvanda

46 1603 79 1630 15
92 1601 420 1658 Transylvania
476 1606 635 1658 missis,
696 1625 813 1666 quae
857 1613 1075 1657 Societati
1117 1622 1298 1661 nostrae
1342 1627 1549 1677 pergrate
1594 1624 1791 1676 fuerunt,

90 1671 302 1723 intellexi,
353 1690 494 1731 quam
542 1682 588 1720 te
636 1685 799 1724 acutus
847 1683 1058 1728 stimulus
1106 1694 1279 1744 pungat
1328 1691 1582 1737 haeresium
1613 1694 1792 1740 illarum

91 1743 478 1800 extirpandarum,
506 1749 701 1806 fideique
728 1757 909 1796 nostrae
935 1759 1268 1813 propagandae.
1306 1762 1456 1817 Quam
1482 1763 1565 1806 tibi
1592 1772 1791 1811 mentem

90 1812 155 1856 ita
185 1815 318 1871 cupio
350 1831 377 1859 a
410 1818 588 1862 Christo
619 1822 730 1875 Jesu
763 1824 974 1868 omnibus
1007 1827 1136 1870 donis
1169 1831 1335 1881 ornari,
1370 1838 1422 1874 ut
1454 1833 1594 1890 ipsius
1626 1851 1791 1881 nomen

0 1878 1 1934 l
87 1898 165 1939 per
183 1889 243 1935 te,
273 1891 564 1946 caeterosque
595 1893 739 1935 nostri
771 1895 940 1938 ordinis
971 1911 1024 1940 eo
1055 1899 1331 1956 adspirante,
1366 1903 1584 1949 latissime
1615 1913 1786 1963 pateat.

0 1951 2 2010 l
39 1956 75 1984 2⁰
95 1956 226 2011 Quod
254 1957 291 1999 si
319 1959 379 2001 ad
410 1959 547 2004 istam
576 1976 672 2007 rem
701 1964 902 2021 aliquam
932 1982 1117 2024 operam
1146 1977 1377 2027 praestare
1408 1990 1479 2018 me
1510 1977 1581 2019 vel
1610 1978 1789 2023 inscitia

0 2015 2 2046 l
87 2040 198 2076 mea,
237 2028 309 2070 vel
342 2029 590 2086 indignitas
625 2039 904 2090 paterentur,
942 2039 1166 2084 efficerem
1206 2043 1369 2099 (credo)
1411 2047 1508 2089 Deo
1544 2048 1695 2099 dante,
1734 2056 1785 2092 ut

86 2098 300 2141 nonnulla
334 2099 381 2142 in
416 2116 488 2144 me
523 2102 664 2159 ipsius
699 2106 762 2148 rei
796 2110 1037 2164 propensio
1072 2119 1403 2167 agnosceretur.
1449 2118 1575 2173 Quae
1611 2134 1682 2162 me
1718 2135 1787 2162 res

85 2165 277 2223 impulit,
326 2175 378 2212 ut
425 2173 695 2219 adiunctum
741 2177 811 2220 his
856 2179 997 2222 literis
1042 2182 1210 2226 librum
1256 2186 1474 2229 adversus
1520 2189 1786 2233 Trinitarios

84 2237 256 2282 editum
281 2240 365 2283 tibi
391 2243 634 2295 mitterem,
664 2249 1005 2304 quamprimum
1030 2253 1163 2308 cupio
1189 2269 1217 2297 a
1243 2257 1297 2298 R.
1328 2258 1382 2299 R.
1413 2259 1460 2300 P.
1490 2260 1538 2300 P.
1570 2259 1622 2314 (si
1649 2262 1702 2302 R.
1733 2262 1780 2304 P.

0 2285 5 2394 Ι
36 2314 71 2341 25
85 2308 373 2354 Provincialis
389 2315 584 2369 affuerit)
599 2318 877 2362 Avellaneda
890 2323 905 2348 1
921 2326 966 2363 et
983 2323 1196 2366 Gordono
1208 2326 1224 2350 2
1238 2327 1417 2382 perlegi,
1434 2332 1486 2369 ut
1502 2328 1538 2370 si
1554 2330 1626 2371 vel
1641 2331 1779 2381 utilis,

1 2396 5 2419 ι
84 2379 153 2421 vel
178 2381 346 2424 solidus
378 2384 633 2429 refellendis
663 2389 887 2432 erroribus
908 2392 1130 2442 videatur,
1153 2395 1189 2436 is
1211 2395 1295 2437 tibi
1325 2410 1377 2438 ac
1404 2399 1569 2441 nostris
1595 2401 1696 2442 usui
1722 2402 1780 2444 sit

82 2453 126 2490 et
154 2451 398 2508 aliquando
426 2455 463 2496 si
491 2470 605 2511 opus
633 2457 691 2499 sit
720 2460 870 2515 plures
898 2476 953 2504 ex
982 2463 1044 2505 eis
1072 2464 1225 2506 inferri
1254 2467 1442 2521 possint,
1475 2469 1554 2511 ubi
1582 2470 1779 2514 Sanctis-

82 2519 219 2563 simae
253 2523 490 2568 Trinitatis
525 2541 692 2571 nomen
727 2544 753 2572 a
787 2532 1168 2586 pestilentissimis
1203 2541 1389 2579 satanae
1424 2538 1641 2583 ministris
1676 2556 1779 2585 con-

81 2591 270 2636 vellitur.
321 2595 442 2651 Quid
480 2596 567 2639 illis
606 2599 814 2654 patribus
854 2602 1003 2646 visum
1044 2604 1179 2647 fuerit
1220 2606 1275 2648 de
1314 2608 1399 2650 hoc
1438 2609 1601 2660 libello,
1644 2613 1778 2669 cupio

31 2660 200 2712 3⁰scire,
233 2678 404 2722 nosque
435 2667 666 2712 interdum
697 2671 907 2714 certiores
939 2673 1090 2724 facias,
1139 2675 1175 2717 si
1218 2677 1330 2733 quid
1360 2693 1415 2721 ex
1446 2681 1776 2738 Transylvania

79 2734 159 2774 tua
185 2734 426 2791 scriptione
456 2738 644 2794 dignum
673 2742 902 2785 afferatur.
923 2744 978 2786 Id
993 2745 1077 2786 erit
1096 2747 1149 2788 R.
1170 2748 1217 2789 P.
1238 2749 1394 2791 Nostri
1409 2757 1671 2807 pergratum
1687 2759 1771 2797 etc.

204 2806 391 2857 Romae,
427 2809 467 2852 8.
503 2809 575 2852 die
608 2811 888 2867 Septembris
922 2825 1045 2870 1574.

205 2902 309 2950 Eleia
329 2924 342 2950 .·
374 2913 425 2952 R.
460 2914 504 2953 P.
539 2915 758 2955 Possevini
790 2919 844 2957 ad
877 2919 1047 2959 Patrem
1079 2920 1345 2973 Stephanum
1370 2926 1606 2967 Aratorem.

4 2764 8 2794 Ι

4 2800 9 2895 l

5 2930 9 2975 1

6 2987 10 3069 ἱ
348 3003 579 3046 (Hivatalos
608 3007 792 3049 masolat‚
823 3020 846 3043 a
875 3010 1172 3056 Jezsuita-rend
1199 3014 1505 3062 leveltaraban.)

7 3102 62 3191 ,35
201 3129 216 3151 ¹
243 3130 286 3165 P.
316 3133 562 3169 Avellaneda
590 3136 716 3182 Diego
744 3140 914 3185 spanyol
942 3140 1123 3185 jezsuita.

8 3194 11 3232 ¹,
199 3186 213 3208 ²
241 3188 284 3222 P.
313 3188 475 3226 Gordon
502 3193 636 3238 Jakab
662 3194 756 3230 skot
781 3199 892 3242 atya.

143 3268 245 3295 Fontes
268 3270 373 3298 Rerum
394 3272 679 3307 Transylvanieamm
704 3277 727 3303 1.
