2188 3535
94 242 189 278 1577
222 231 328 264 decz.
366 230 404 273 8]
863 227 938 261 No.
978 236 1023 271 19
1739 230 1784 272 65

89 351 329 404 Hungaros
361 352 407 390 et
441 347 634 390 Polonos
666 346 848 401 exarsit)
886 345 1093 400 mitigare
1126 344 1377 394 contendit,
1413 345 1541 388 miles
1572 360 1664 389 non
1697 361 1787 390 cre-

88 419 237 462 dendo
278 417 582 474 praesentiam
624 417 872 459 Salvatoris
913 421 959 458 et
1000 415 1206 471 negando
1249 415 1542 459 divinitatem
1582 418 1663 459 filii
1704 419 1789 461 Dei

89 490 277 545 decuplo
314 489 414 544 plus
451 492 669 544 provocat
701 487 904 530 divinam
928 486 1299 542 indignationem.
1327 489 1428 530 Rex
1452 493 1612 531 contra
1635 490 1789 533 hostes

89 560 212 616 regni
262 574 395 615 opem
447 558 612 602 Christi
662 558 1048 614 lacrymabundus
1099 557 1326 613 implorat,
1373 558 1500 601 miles
1542 560 1787 604 minuendo

42 646 60 674 5
91 631 344 687 potentiam
374 629 552 679 Christi,
585 629 757 671 claudit
787 628 962 671 iontem
993 627 1337 671 miserationum
1367 629 1474 679 eius,
1506 644 1562 673 ne
1592 631 1790 676 misereri

90 707 170 745 aut
201 701 357 743 iuvare
389 701 512 743 velit.
548 701 674 743 Haec
706 705 774 742 est
805 699 935 742 radix
966 699 1232 755 perditionis
1264 700 1551 755 Hungaricae
1583 707 1628 745 et
1661 704 1789 746 Polo-

89 772 245 816 nicae:
280 776 387 814 eant
423 776 468 814 et
491 770 870 826 contemplentur,
908 769 945 812 si
981 770 1140 812 famuli
1174 771 1486 822 barbarorum,
1523 773 1787 824 Turcarum,

90 845 344 886 Moscorum
387 847 568 884 tantam
610 841 900 884 insolentiam
942 841 1256 897 praesentibus
1299 840 1493 885 dominis
1535 843 1627 887 suis
1669 859 1789 887 corn-

90 913 271 956 mittere
302 913 515 962 audeant,
546 912 769 955 videbunt
791 913 921 967 longe
943 926 1018 955 eos
1049 913 1344 955 modestiores
1375 927 1469 955 esse
1501 916 1789 969 prasentibus

43 984 283 1028 10dominis
324 984 428 1033 suis,
471 984 508 1026 si
547 983 685 1026 fidem
725 998 817 1026 non
857 987 1122 1038 sequuntur,
1166 983 1225 1025 ad
1264 983 1414 1025 minus
1454 998 1545 1026 non
1584 985 1786 1029 irrident.

207 1056 331 1097 Haec
366 1069 446 1110 ego
481 1054 634 1097 omnia
668 1055 785 1097 clam
831 1055 956 1096 Tuae
990 1048 1060 1096 Mti
1094 1054 1189 1096 fieri
1223 1059 1346 1096 certo
1380 1053 1491 1096 mihi
1525 1069 1790 1110 persuasum

90 1126 248 1168 habeo.
289 1126 410 1168 Nam
444 1125 481 1167 si
512 1139 565 1168 ea
599 1125 800 1175 vidisset,
840 1125 936 1167 fieri
972 1139 1065 1167 non
1102 1129 1268 1180 potest,
1308 1129 1360 1166 ut
1398 1124 1706 1179 pientissimus
1745 1133 1789 1169 et

90 1195 446 1252 religiosissimus
491 1196 670 1238 animus
725 1197 849 1239 Tuae
907 1190 992 1239 Mtis
1037 1200 1218 1238 tantam
1263 1195 1348 1238 Dei
1391 1195 1602 1238 iniuriam
1647 1211 1791 1253 aequo

91 1267 242 1309 animo
277 1267 375 1323 pati
409 1267 645 1323 potuisset.
682 1268 779 1322 Ego
815 1271 970 1309 autem
1005 1281 1058 1308 ea
1091 1265 1269 1315 fiducia,
1307 1279 1399 1321 qua
1432 1267 1653 1310 hactenus
1687 1281 1791 1310 cum

44 1350 78 1378 15
90 1339 188 1380 Tua
221 1336 298 1380 Mte
332 1352 440 1380 usus
474 1352 588 1387 sum,
640 1352 802 1394 operae
847 1337 1044 1392 pretium
1072 1337 1270 1379 iudicavi
1305 1337 1473 1380 sincere
1507 1338 1661 1381 omnia
1694 1353 1790 1394 per-

91 1408 295 1458 scribere,
322 1422 438 1464 quae
462 1423 645 1464 quoquo
683 1408 819 1451 modo
856 1408 916 1450 ad
950 1409 1097 1451 Tuam
1122 1405 1228 1450 Mtem
1252 1407 1475 1463 pertinere
1499 1409 1787 1451 videbantur.

91 1479 213 1521 Nihil
254 1479 309 1521 de
361 1480 485 1521 Tuae
525 1474 610 1522 Mtis
650 1493 754 1534 erga
807 1493 879 1521 me
924 1493 1075 1521 amore
1116 1483 1161 1520 et
1201 1478 1519 1522 benevolentia
1560 1479 1788 1529 dubitans,

91 1550 200 1606 quin
244 1555 296 1592 ut
341 1563 453 1605 puro
499 1555 544 1591 et
589 1550 759 1592 sincero
792 1563 818 1592 a
849 1563 920 1592 me
953 1549 1104 1592 animo
1136 1548 1408 1599 scribuntur,
1448 1550 1516 1593 ita
1545 1550 1592 1593 in
1623 1551 1791 1593 bonam

91 1620 149 1662 sit
190 1620 342 1663 omnia
382 1625 561 1676 partem
601 1620 970 1676 interpretatura.
1014 1620 1183 1662 Audivi
1224 1625 1268 1662 et
1304 1620 1416 1662 illud
1445 1621 1569 1678 apud
1599 1621 1791 1664 Polonos

43 1691 256 1733 20crebris
297 1691 504 1747 usurpari
545 1691 840 1734 sermonibus.
886 1692 1012 1733 Duas
1053 1690 1342 1746 potissimum
1383 1705 1452 1735 res
1493 1692 1691 1735 maxime
1733 1692 1791 1734 ad

94 1762 365 1804 Polonorum
390 1762 611 1805 nobilium
635 1762 974 1805 conversionem
998 1762 1132 1804 utiles
1156 1775 1264 1811 esse,
1292 1762 1328 1804 si
1357 1764 1534 1806 crebras
1556 1762 1789 1805 conciones

94 1833 337 1875 catholicas
384 1833 584 1876 habeant
617 1838 662 1876 et
694 1833 731 1875 si
763 1833 1008 1889 dignitates
1046 1832 1238 1875 maiores
1281 1847 1386 1883 non,
1429 1834 1515 1876 nisi
1558 1833 1790 1876 catholicis

93 1903 394 1946 conferantur.
439 1904 578 1947 Natio
620 1904 740 1947 enim
780 1905 891 1947 haec
932 1917 1146 1959 generosa
1188 1903 1420 1947 leoninum
1464 1919 1571 1960 prae
1601 1918 1647 1947 se
1678 1904 1790 1947 ferre

93 1974 273 2016 videtur
302 1974 519 2025 animum,
552 1975 781 2018 contemni
810 1979 855 2017 et
888 1974 1077 2030 deprimi
1113 1989 1204 2017 non
1238 1975 1352 2025 vult,
1388 1976 1521 2018 laude
1555 1974 1789 2031 dignitatis

43 2044 223 2088 25facile
255 2045 448 2088 ducitur.

207 2117 275 2159 De
317 2116 564 2159 Academia
607 2116 904 2166 Cracoviensi,
950 2131 1090 2172 quam
1132 2131 1246 2172 pene
1288 2117 1380 2159 iam
1423 2118 1668 2173 collapsam
1699 2131 1789 2173 —per

93 2186 211 2229 viros
245 2187 404 2229 doctos
437 2188 674 2230 restituere
708 2187 879 2243 cogitat
913 2188 1012 2230 Tua
1045 2187 1272 2237 Maiestas,
1309 2202 1500 2243 magnus
1534 2194 1601 2231 est
1636 2202 1788 2231 rumor

94 2271 171 2312 per
210 2257 393 2300 Italiam
433 2259 671 2301 excitatus.
714 2259 798 2301 Est
837 2259 922 2300 hoc
961 2272 1142 2313 quoque
1181 2258 1352 2313 regium
1392 2259 1524 2314 plane
1563 2273 1689 2314 opus,
1732 2272 1787 2301 ex

93 2342 182 2383 quo
214 2329 302 2371 toti
334 2329 547 2371 Poloniae
580 2334 625 2371 et
658 2329 868 2371 ecclesiae
901 2328 1150 2370 catholicae
1181 2328 1453 2371 incredibilis
1485 2329 1668 2372 accedet
1699 2329 1788 2371 uti-

47 2398 208 2441 3olitas.
257 2400 381 2442 Tuae
416 2414 523 2442 vero
558 2394 629 2442 Mti
663 2399 804 2454 gloria
838 2399 1119 2448 immortalis
1157 2399 1463 2455 memoriaque
1498 2400 1786 2455 sempiterna.

207 2470 435 2512 Terribilis
487 2471 572 2512 hoc
626 2484 745 2513 anno
799 2471 972 2512 Romae
1025 2469 1143 2511 circa
1195 2469 1466 2526 principium
1518 2471 1789 2514 Novembris

95 2545 289 2583 cometes
333 2541 560 2597 apparuit,
607 2540 685 2596 qui
730 2540 878 2583 adhuc
923 2539 1066 2582 ardet.
1101 2540 1332 2594 Quidnam
1375 2541 1484 2583 mali
1527 2541 1786 2597 portendat,

94 2610 221 2653 novit
255 2611 491 2661 Dominus,
536 2612 614 2667 qui
655 2610 915 2653 huiusmodi
943 2610 1173 2652 inusitatis
1202 2611 1338 2666 signis
1367 2612 1609 2655 admonere
1637 2612 1790 2655 fideles

97 2682 341 2732 consuevit,
386 2687 439 2724 ut
483 2682 800 2725 emendatione
856 2680 1021 2724 veteris
1065 2680 1201 2731 vitae,
1247 2683 1403 2725 futura
1446 2683 1566 2725 mala
1609 2697 1790 2739 praeca-

49 2762 85 2790 35
97 2756 244 2795 veant.
273 2753 391 2796 Tota
419 2755 568 2796 Roma
594 2752 727 2795 avide
753 2751 957 2808 quotidie
983 2751 1184 2806 legatum
1210 2753 1334 2795 Tuae
1361 2748 1445 2796 Mtis
1471 2754 1787 2809 praestolatur,

97 2821 173 2863 sed
203 2836 282 2878 ego
314 2829 504 2879 expecto
527 2823 799 2873 avidissime,
823 2822 901 2878 qui
922 2822 1114 2872 utinam,
1138 2822 1175 2864 si
1203 2823 1407 2866 nondum
1438 2829 1506 2866 est
1537 2826 1585 2867 in
1615 2824 1787 2875 itinere,

97 2890 181 2934 iter
217 2894 489 2949 quantocius
529 2894 821 2950 ingrediatur,
873 2892 910 2935 si
961 2892 1184 2948 ingressus
1237 2899 1318 2944 est,
1373 2895 1700 2951 progrediatur,
1755 2896 1791 2938 si

99 2964 391 3018 progreditur,
424 2970 590 3014 currat,
623 2965 659 3007 si
689 2969 841 3007 currat
872 2963 1068 3006 advolet.
1103 2963 1371 3008 Incredibile
1401 2966 1521 3008 enim
1551 2966 1677 3008 dictu
1707 2970 1789 3015 est,

99 3038 209 3086 quot
246 3035 423 3078 animae
461 3035 508 3077 in
532 3035 863 3092 Transylvania
888 3038 1073 3091 propter
1098 3049 1273 3078 moram
1299 3035 1563 3079 diuturnam
1588 3036 1792 3092 quotidie

52 3109 295 3156 40pereant.

212 3175 336 3218 Haec
363 3182 484 3227 sunt,
529 3179 628 3220 Rex
656 3175 956 3225 Serenissime,
999 3189 1115 3231 quae
1143 3190 1262 3219 nunc
1290 3176 1401 3220 mihi
1428 3177 1488 3220 ad
1513 3178 1660 3220 Tuam
1687 3176 1793 3220 Mtem

168 3273 272 3300 Fontes
290 3275 397 3302 Rerum
415 3277 706 3310 Transylvanicarum
731 3279 754 3303 1.
1057 3306 1062 3310 ⁴
1631 3276 1647 3311 5
