2188 3535
339 170 414 197 220
1110 148 1187 181 No.
1215 158 1260 192 73
1601 146 1716 190 [1582
1750 145 1849 179 febr.
1882 146 2030 191 kozepe

344 275 501 332 reliqui
529 274 613 317 sub
639 273 757 314 idem
785 274 966 323 tempus
992 264 1312 307 contineantur
1337 263 1383 306 in
1409 263 1561 313 classe,
1591 263 1756 320 quibus
1782 263 2031 320 explicetur

345 345 643 390 catechismus
664 342 792 382 iuxta
813 339 1012 393 ipsorum
1034 339 1236 390 captum,
1260 334 1418 377 audito
1440 340 1595 377 autem
1622 335 1755 390 pulsu
1783 348 2031 390 campanae

345 418 402 460 ad
424 417 558 458 finem
588 409 811 454 concionis
838 405 1111 449 conveniant
1143 404 1189 447 in
1218 405 1455 461 templum,
1484 410 1536 448 ut
1565 420 1669 448 cum
1697 405 1795 448 aliis
1821 404 2031 447 intersint

347 500 470 530 sacro
503 486 700 526 cantato.

476 566 514 596 2.
550 552 594 594 Si
629 550 722 593 fieri
757 552 922 605 potest,
957 546 1296 590 constituantur
1331 547 1420 590 duo
1456 561 1511 589 ex
1547 546 1776 603 discipulis
1810 546 2032 589 fideliores
2062 556 2082 584 5

344 632 388 668 et
428 622 707 669 maturiores,
761 617 839 675 qui
876 618 1088 673 colligant
1127 617 1366 674 pecuniam
1405 618 1464 660 ad
1502 617 1749 660 coemenda
1792 616 1914 673 ligna
1950 631 2033 674 pro

341 693 596 737 fornacibus
640 696 684 733 et
729 688 934 732 similiter
976 693 1133 731 curent
1177 688 1254 731 illa
1283 688 1384 731 emi.
1430 714 1475 718 —-
1512 689 1611 731 Imo
1642 687 1880 744 collegium
1905 691 2032 730 curet

339 764 425 808 emi
456 764 576 819 ligna
602 767 646 804 et
675 761 821 804 solvat
849 774 902 802 ea
928 773 1009 815 pro
1036 759 1234 802 scholis.4

470 847 508 887 3.
544 831 760 888 Discipuli
792 845 949 873 omnes
992 829 1202 872 intersint
1255 830 1401 873 eidem
1453 844 1592 881 sacro,
1648 829 1858 887 quamvis
1910 829 2034 873 aliud

340 904 563 949 audierint
588 918 668 960 pro
693 902 894 958 ipsorum
919 900 1172 943 devotione.
2048 911 2083 938 10

473 989 511 1030 4.
547 976 650 1017 Non
672 971 1086 1030 permittatur‚:nisi
1100 986 1218 1014 unus
1233 971 1327 1014 dies
1349 972 1638 1015 recreationis
1660 972 1707 1014 in
1729 972 2031 1021 hebdomada,

340 1047 425 1090 nisi
455 1047 545 1089 duo
575 1045 741 1087 fuerint
772 1042 901 1093 festa,
933 1048 1042 1085 tunc
1072 1042 1192 1085 enim
1220 1043 1345 1086 nulla
1373 1042 1456 1085 erit
1486 1043 1574 1086 alia
1601 1042 1831 1086 recreatio.

471 1117 544 1160 Ad
585 1120 654 1171 4¹¹¹.
704 1117 833 1159 Unus
866 1119 1051 1156 tantum
1084 1113 1168 1156 erit
1203 1113 1297 1156 dies
1329 1113 1618 1157 recreationis
1650 1114 1697 1156 in
1729 1113 2032 1157 hebdomada.

341 1189 502 1232 Nullus
531 1193 699 1238 autem,
730 1201 833 1228 cum
861 1185 933 1228 vel
961 1185 1051 1228 duo
1079 1184 1196 1228 festa
1223 1185 1270 1227 in
1309 1185 1598 1228 hebdomada
1639 1190 1922 1228 occurrerent
1964 1184 2035 1227 vel

341 1274 484 1302 unum
517 1259 588 1301 die
621 1257 832 1300 Mercuris
864 1256 935 1299 vel
967 1255 1110 1311 Jovis.
2050 1265 2086 1293 15

473 1341 511 1384 5.
547 1330 778 1385 Campana
792 1342 873 1384 pro
889 1327 1051 1370 scholis
1073 1327 1316 1370 collocetur
1337 1327 1384 1369 in
1405 1327 1518 1379 loco,
1542 1327 1663 1370 unde
1685 1327 1845 1370 melius
1866 1326 2036 1369 ibidem

342 1401 567 1450 audiatur,
585 1415 654 1450 ne,
671 1405 722 1442 ut
739 1413 870 1455 saepe
887 1398 1124 1454 contingit,
1142 1398 1431 1454 egrediantur
1448 1403 1762 1454 praeceptores
1782 1403 1890 1441 ante
1910 1412 2036 1454 prae-

342 1472 562 1528 scriptum
578 1477 772 1527 tempus,
791 1475 870 1513 aut
886 1474 988 1526 post
1012 1470 1173 1512 datum
1196 1469 1374 1525 signum
1393 1469 1586 1512 nimium
1601 1469 1770 1513 ibidem
1785 1474 2035 1519 morentur,

345 1549 423 1586 aut
452 1543 613 1586 saltem
641 1542 791 1598 aliquo
819 1541 906 1584 alio
934 1540 1060 1597 signo
1087 1546 1360 1583 moneantur
1386 1540 1605 1596 magistri.

475 1615 514 1656 6.
558 1613 842 1657 Adhibeatur
894 1611 1139 1667 diligentia,
1182 1616 1234 1654 ut
1276 1611 1501 1667 paulatim
1546 1611 1698 1668 aliquo
1738 1612 1859 1654 bono
1901 1610 2089 1654 modo2o

343 1684 635 1741 baptizentur
657 1683 875 1739 discipuli,
897 1683 974 1740 qui
997 1697 1088 1725 non
1111 1687 1216 1725 sunt
1239 1682 1463 1739 baptizati
1486 1687 1531 1725 et
1554 1682 1737 1725 interim
1758 1697 1814 1725 ne
1837 1682 2037 1725 serviant

343 1770 484 1806 sacro,
502 1770 581 1798 nec
605 1755 900 1798 absolvantur
926 1769 953 1797 a
977 1753 1271 1803 confessariis‚
1300 1754 1379 1796 sed
1404 1768 1509 1796 cum
1534 1754 1757 1796 accedunt
1783 1754 1843 1796 ad
1867 1753 2038 1796 confes-

343 1827 528 1877 sionem,
552 1827 609 1869 ab
631 1826 789 1868 iisdem
818 1825 1098 1868 confessariis
1125 1826 1209 1868 hoc
1237 1825 1387 1881 ipsum
1416 1825 1666 1868 doceantur
1691 1829 1737 1867 et
1765 1824 2041 1867 inducantur

344 1898 402 1940 ad
431 1897 711 1953 baptismum
741 1896 825 1953 piis
854 1896 1259 1939 exhortationibus.

476 1982 514 2023 7.
550 1968 671 2011 Ordo
719 1967 973 2010 studiorum
1021 1981 1048 2010 a
1095 1971 1224 2023 patre
1272 1967 1420 2023 Magio
1468 1967 1749 2010 constitutus
1797 1965 1918 2016 alibi,
1968 1965 2091 2009 hic25

345 2044 562 2088 servetur,
603 2040 743 2082 donec
780 2039 904 2082 aliud
940 2038 1075 2081 fuerit
1112 2038 1387 2081 ordinatum.

458 2137 500 2175 H
504 2137 691 2188 a'tlapjdn
707 2148 719 2173 .·
745 2137 790 2175 Ρ.
806 2135 1048 2176 Visitatoris
1062 2135 1360 2175 instructiones
1376 2149 1451 2187 pro
1467 2134 1641 2186 collegio
1663 2134 2041 2186 Claudiopolitano,

347 2195 560 2247 recognito
589 2209 612 2235 a
642 2196 692 2235 R.
725 2196 769 2234 P.
801 2195 853 2234 Ν.
885 2195 1078 2235 Generali
1108 2207 1219 2234 anno
1251 2195 1367 2244 1582.

740 2277 929 2319 (Eredeti,
960 2288 984 2311 a
1012 2276 1307 2321 Jezsuita-rend
1334 2275 1642 2318 leveltaraban.)

1164 2395 1233 2438 73.
2058 2408 2095 2435 30

688 2486 1025 2543 Gyulafeje'rvdr,
1060 2488 1173 2541 1582
1204 2488 1476 2542 [februarius
1507 2488 1706 2543 kbzepeff

405 2583 449 2622 P.
472 2583 625 2623 Leleszi
648 2586 779 2635 Janos
805 2585 1052 2625 emlekirata
1083 2598 1108 2624 a
1136 2585 1464 2637 gyulafeje'rvari
1484 2585 1988 2637 jezsuita-residentiarol.

483 2676 537 2716 M
541 2678 739 2719 cmoriale
757 2673 834 2720 Rd⁰
849 2678 978 2721 Pam·
999 2678 1051 2720 P.
1074 2679 1303 2721 Visitatori
1323 2679 1473 2721 datum
1490 2679 1627 2720 Albae
1644 2678 1678 2732 J
1680 2678 1797 2720 uliae
1815 2692 1841 2719 a
1862 2677 2041 2721 Lelesio.

488 2745 689 2789 Primum
726 2748 929 2791 omnium
965 2749 1041 2791 det
1078 2763 1262 2804 operam
1299 2748 1572 2791 Reverentia
1606 2749 1704 2791 Tua
1739 2748 1863 2804 apud
1899 2750 1953 2791 R.
1993 2750 2041 2792 P.

355 2814 618 2858 Generalem
644 2822 688 2859 et
715 2819 898 2861 omnino
924 2819 1137 2875 impetret
1163 2820 1251 2861 huc
1276 2819 1442 2861 Albam
1468 2818 1736 2874 magistrum
1762 2833 1905 2861 unum
1931 2820 2044 2863 bene
2057 2838 2096 2866 35

357 2890 584 2927 moratum
633 2892 677 2929 et
724 2889 992 2948 religiosum,
1026 2889 1073 2932 in
1119 2888 1462 2932 humanioribus
1509 2890 1623 2932 bene
1671 2893 1916 2939 versatum,
1966 2890 2045 2946 qui

356 2962 623 3010 magnatum
651 2957 764 3000 filios
793 2974 1117 3017 procerumque
1145 2959 1268 3016 regni
1297 2960 1470 3002 doceat.
1503 2961 1603 3003 Hoc
1631 2959 1816 3003 omnino
1844 2975 2045 3004 necessa-

354 3025 470 3067 rium
493 3031 559 3067 est
579 3040 585 3067 :
607 3030 650 3068 1⁰
668 3028 783 3083 Quia
798 3031 1087 3073 vehementer
1100 3035 1229 3087 urget
1244 3045 1330 3079 me,
1347 3034 1399 3072 ut
1422 3029 1495 3072 hic
1511 3044 1586 3073 eos
1601 3030 1803 3074 doceam.
1830 3031 1929 3075 Imo
1953 3031 2045 3074 iam

483 3126 497 3146 ⁴
526 3127 580 3159 ΕΖ
611 3137 633 3160 a
663 3130 830 3163 mondat
856 3132 1033 3176 potlolag
1062 3130 1146 3166 mas
1174 3132 1308 3166 kezzel
1331 3131 1540 3167 beszfirva.
