2188 3535
149 218 244 263 1582
277 216 360 250 okt.
400 217 461 261 19]
913 215 988 250 No,
1019 215 1064 260 78
1762 222 1836 257 239

144 347 242 388 4-or
280 348 335 376 ex
373 332 631 389 pastoribus
669 333 881 376 Valachis
921 337 1148 389 caperent,
1189 335 1348 375 contra
1386 344 1499 387 quos
1529 329 1694 373 viduae
1734 329 1836 372 illae

143 403 417 460 suspiciones
431 403 676 446 habebant.
695 403 826 459 Capti
850 408 956 446 sunt
977 409 1023 446 et
1043 404 1188 446 vincti
1204 407 1310 445 sunt
1327 402 1373 444 in
1388 400 1639 444 carceribus
1655 400 1832 450 nostris,

143 475 408 530 priusquam
422 473 548 530 pueri
563 474 848 524 morirentur,
867 475 960 524 sed,
974 488 1078 516 cum
1091 478 1362 529 putarentur
1375 473 1648 521 innocentes,
1664 469 1835 513 dimissi

144 549 262 587 sunt.
307 546 557 600 Postquam
598 544 724 600 pueri
765 550 914 587 essent
957 544 1138 594 mortui,
1183 548 1403 586 venerunt
1441 542 1636 586 secundo
1668 546 1837 584 matres

96 627 113 653 5
145 630 313 664 eorum,
345 614 611 657 nunciantes
634 615 916 671 procuratori
938 619 1093 658 nostro
1113 614 1227 657 filios
1256 628 1359 657 suos
1389 614 1481 657 iam
1510 627 1604 656 esse
1633 617 1836 655 mortuos

144 691 189 729 et
217 690 423 742 petentes
450 685 686 728 iustitiam.
719 687 894 728 Iterum
922 700 1026 741 ergo
1054 685 1177 728 misit
1206 685 1399 728 famulos
1426 689 1471 727 et
1498 683 1628 726 iussit
1655 683 1836 726 eosdem

143 761 359 813 pastores,
400 770 514 812 quos
552 756 785 799 dimiserat
823 756 1202 812 comprehendere
1239 760 1285 798 et
1322 756 1369 797 in
1406 769 1580 798 carcere
1634 753 1836 809 diligenti

143 827 351 870 custodia
385 827 564 869 vinctos
598 827 829 870 asservari.
871 827 993 870 Misit
1021 831 1255 883 praeterea
1290 840 1433 869 unum
1469 840 1525 868 ex
1561 825 1741 867 famulis
1778 824 1838 866 ad

143 897 337 940 iudicem
359 897 560 940 civitatis
582 897 874 947 haereticum,
899 902 1058 954 petens
1080 898 1139 940 ab
1161 912 1213 939 eo
1236 896 1483 947 consilium,
1502 895 1612 952 quid
1627 910 1730 937 cum
1752 894 1837 936 illis

95 980 130 1006 10
143 968 401 1024 pastoribus
426 968 685 1011 iaciendum
711 973 841 1017 esset,
869 969 1100 1024 quomodo
1126 967 1294 1011 veritas
1319 968 1377 1009 ab
1401 967 1486 1009 iHis
1511 970 1662 1022 posset
1687 970 1836 1008 extor-

143 1038 281 1095 queri.
305 1039 449 1081 Iudex
467 1039 766 1089 renunciavit,
805 1044 857 1081 ut
877 1054 952 1082 eos
971 1040 1030 1081 ab
1047 1038 1241 1081 invicem
1261 1041 1488 1093 separaret
1507 1041 1552 1079 et
1571 1036 1632 1078 sic
1651 1035 1835 1078 seorsim

143 1124 514 1166 unumquemque
551 1124 629 1166 per
658 1110 870 1166 Cingaros
905 1110 1080 1152 iuberet
1116 1108 1328 1164 torqueri.
1368 1109 1575 1151 Utuntur
1610 1107 1729 1149 enim
1764 1106 1836 1148 hic

143 1180 342 1236 Cingaris
359 1195 439 1236 pro
455 1181 752 1229 carnificibus,
770 1186 850 1223 aut
866 1180 1021 1223 Turcis
1038 1179 1242 1235 captivis.
1264 1178 1531 1221 Inauditum
1549 1191 1745 1233 namque
1769 1182 1835 1219 est

144 1252 380 1307 Ungarum
407 1251 653 1308 aliquando
680 1251 900 1294 carnificis
927 1250 1176 1293 exercuisse
1202 1249 1416 1298 officium,
1446 1248 1524 1304 qui
1552 1247 1696 1290 decies
1723 1247 1837 1289 mori

95 1333 129 1359 15
143 1322 295 1377 potius
325 1322 507 1371 vellent,
540 1336 680 1378 quam
713 1327 810 1364 tam
841 1321 929 1364 vile
961 1321 1110 1364 subire
1141 1334 1266 1376 opus.
1302 1320 1390 1362 Sed
1419 1319 1479 1362 ad
1499 1333 1608 1368 rem,
1633 1317 1837 1361 minister

144 1392 238 1435 sive
266 1397 532 1449 procurator
559 1397 713 1435 noster
743 1391 955 1448 probavit
985 1391 1221 1434 consilium
1266 1390 1424 1433 iudicis
1453 1394 1498 1432 et
1527 1390 1586 1432 ad
1614 1388 1836 1431 famulum

145 1463 274 1512 dixit,
297 1478 379 1506 nos
399 1468 470 1506 tot
491 1477 688 1505 carceres
708 1477 802 1505 non
821 1463 1056 1511 habemus,
1079 1467 1130 1504 ut
1153 1461 1337 1517 singulis
1357 1460 1590 1517 proprium
1611 1459 1836 1515 assignare

143 1534 380 1590 possimus,
423 1534 501 1576 sed
541 1534 755 1576 cathenas
802 1533 1008 1589 quaerito
1049 1538 1093 1575 et
1133 1533 1180 1575 in
1220 1531 1406 1575 diversis
1446 1530 1671 1587 penuariis
1710 1529 1837 1586 ligari

143 1609 346 1661 possunt.
380 1604 523 1647 Alteri
554 1609 709 1646 autem
746 1604 918 1647 famulo
954 1603 1083 1653 dixit,
1122 1608 1174 1645 tu
1210 1604 1323 1646 duas
1358 1617 1477 1645 seras
1513 1601 1745 1658 apponito,
1782 1615 1837 1643 ne

94 1686 129 1713 20
143 1676 338 1731 effugere
368 1675 570 1731 possint:
605 1675 766 1718 deinde
796 1675 907 1718 feria
937 1679 1103 1731 quarta
1133 1679 1236 1730 post
1268 1674 1436 1716 festum
1467 1672 1562 1716 divi
1593 1672 1835 1722 Michaelis,

142 1746 190 1789 id
213 1751 279 1789 est
305 1746 442 1789 tertia
484 1746 555 1789 die
580 1746 790 1788 Octobris
814 1745 943 1788 iussit
969 1745 1210 1788 convocari
1234 1744 1281 1786 in
1306 1759 1458 1787 aream
1483 1743 1625 1786 nostri
1650 1742 1834 1792 castelli,
1851 1761 1918 1788 om.
1944 1769 1970 1793 3.

140 1817 309 1860 iudices
330 1831 386 1860 ex
407 1819 641 1860 Monostor
660 1822 815 1859 nostro
836 1831 953 1873 pago
975 1821 1020 1859 et
1042 1831 1097 1859 ex
1119 1816 1206 1859 alio
1228 1815 1377 1858 vicino
1398 1829 1515 1871 pago
1534 1819 1688 1857 nostro
1705 1815 1834 1863 Baics,

141 1892 186 1930 et
217 1902 272 1930 ex
303 1887 518 1938 civitate;
552 1902 655 1944 pars
686 1887 806 1930 enim
836 1888 969 1937 laesa,
1003 1887 1050 1929 id
1080 1892 1148 1929 est
1180 1887 1345 1930 viduae
1375 1886 1477 1928 illae
1508 1886 1624 1928 duae
1655 1884 1830 1928 civibus

142 1963 270 2001 erant
306 1958 543 2001 haereticis
578 1958 819 2001 subiectae.
867 1959 1185 2001 Convenerunt
1220 1957 1362 2014 igitur
1396 1972 1451 2000 ex
1486 1956 1696 1999 omnibus
1730 1956 1837 1998 locis

94 2042 128 2068 25
143 2033 322 2072 armata
355 2044 494 2072 manu
530 2029 649 2071 cives
674 2033 718 2071 et
743 2029 912 2071 iudices
949 2034 993 2071 et
1030 2028 1340 2085 promiscuum
1381 2028 1543 2083 vulgus
1566 2027 1612 2069 in
1637 2027 1838 2069 maxima

145 2099 287 2156 copia,
313 2104 366 2142 ut
382 2100 556 2142 videret
581 2099 755 2142 exitum
778 2100 853 2142 rei.
870 2099 998 2142 Torti
1021 2104 1127 2142 sunt
1152 2102 1344 2155 po[stea]
1373 2099 1462 2141 duo
1487 2113 1542 2140 ex
1565 2098 1834 2154 pastoribus,

143 2175 302 2214 contra
323 2185 437 2227 quos
458 2170 623 2213 viduae
651 2169 857 2213 fortiores
877 2171 1109 2213 habebant
1132 2169 1420 2226 suspiciones,
1445 2168 1619 2211 facibus
1641 2168 1838 2210 ardenti-

141 2242 239 2291 bus,
269 2241 336 2284 ita
363 2246 416 2283 ut
445 2246 629 2297 pectora
657 2240 742 2283 illis
764 2241 1150 2290 comburerentur,
1183 2241 1262 2283 sed
1289 2239 1400 2282 nihil
1429 2239 1552 2282 aliud
1580 2239 1685 2281 fassi
1714 2243 1834 2288 sunt,

141 2326 280 2368 quam
314 2313 439 2368 quod
472 2312 556 2368 ipsi
591 2316 739 2354 essent
774 2311 1049 2354 innocentes.
1086 2312 1290 2354 Tandem
1325 2325 1429 2352 curn
1462 2309 1634 2352 nullam
1668 2309 1837 2352 iustam

91 2395 126 2422 30
140 2397 324 2425 causam
371 2382 530 2425 mortis
576 2382 745 2424 iudices
791 2382 837 2424 in
884 2381 970 2424 illis
1017 2381 1286 2430 invenirent,
1336 2381 1556 2423 dederunt
1603 2379 1834 2435 optionem

140 2453 301 2503 viduis,
336 2467 530 2510 quarum
561 2453 639 2495 filii
672 2457 802 2495 erant
835 2452 982 2501 occisi,
1017 2456 1069 2493 ut
1102 2467 1206 2494 cum
1238 2451 1464 2507 aliquibus
1495 2450 1593 2493 aliis
1633 2451 1833 2493 iurarent

139 2529 298 2567 contra
326 2524 438 2574 illos,
471 2529 630 2566 contra
661 2538 773 2580 quos
804 2523 1011 2565 fortiores
1040 2523 1259 2565 haberent
1291 2521 1594 2577 suspiciones;
1627 2521 1833 2564 iurarunt

139 2599 298 2637 contra
321 2595 419 2638 illos
444 2595 570 2644 duos,
598 2594 675 2651 qui
700 2598 828 2637 erant
854 2593 977 2642 torti,
1005 2594 1085 2635 sed
1109 2608 1247 2649 quam
1276 2592 1392 2634 iuste
1417 2596 1497 2635 aut
1521 2592 1686 2634 iniuste
1711 2593 1834 2634 Deus

140 2665 252 2708 scit:
298 2665 588 2708 condemnati
631 2670 736 2707 sunt
775 2663 925 2707 miseri
965 2663 1041 2712 illi,
1078 2679 1168 2706 non
1210 2664 1269 2706 ad
1310 2677 1645 2719 quamcumque
1686 2663 1832 2706 levem

88 2747 122 2775 35
138 2741 346 2786 mortem,
380 2737 457 2779 sed
498 2737 558 2779 ad
599 2736 738 2792 palos,
772 2740 823 2777 ut
855 2734 901 2776 in
932 2748 1069 2777 verna
1102 2735 1452 2777 attraherentur.
1487 2734 1583 2776 Ista
1613 2733 1733 2776 enim
1764 2738 1831 2776 est

137 2821 284 2862 poena
308 2807 531 2850 Polonum
557 2812 602 2849 et
627 2808 859 2850 latronum
884 2805 931 2847 in
958 2805 1169 2861 Ungaria.
1199 2806 1315 2848 Lata
1339 2804 1431 2847 iam
1457 2804 1683 2847 sententia
1708 2809 1830 2860 pete-

137 2878 249 2919 bant
272 2892 299 2920 a
321 2883 450 2934 patre
472 2878 662 2927 Mathia,
687 2880 979 2933 procuratore
995 2881 1149 2919 nostro
1176 2875 1269 2932 (qui
1291 2890 1500 2931 praesens
1522 2890 1626 2918 cum
1650 2874 1831 2917 famulis

137 2948 293 2991 aderat
316 2953 554 3005 tamquam
584 2948 794 2991 dominus
825 2947 896 2989 vel
928 2946 1238 2989 vicedominus
1268 2946 1366 2996 loci,
1399 2946 1503 2988 licet
1534 2961 1625 2988 non
1656 2946 1829 2988 sederet

139 3017 256 3060 inter
274 3018 473 3074 iudices),
491 3024 543 3061 ut
560 3034 658 3062 reos
673 3019 733 3062 ad
747 3019 896 3061 locum
920 3017 1126 3073 supplicii
1145 3017 1291 3060 efferri
1309 3016 1605 3073 permitteret.
1630 3017 1674 3058 Is
1694 3015 1829 3071 scrip-

88 3088 196 3130 4osit
225 3089 284 3131 ad
311 3094 530 3132 rectorem
559 3094 717 3145 petens
746 3088 996 3136 consilium,
1028 3103 1139 3130 num
1168 3088 1345 3130 tradere
1374 3102 1449 3130 eos
1479 3088 1675 3135 deberet,
1706 3091 1829 3142 post-

138 3173 276 3214 quam
293 3159 388 3203 lata
405 3165 520 3203 esset
539 3160 630 3203 iam
648 3160 806 3203 mortis
824 3159 1054 3201 sententia
1070 3158 1117 3201 in
1134 3159 1244 3201 illos.
1267 3159 1377 3201 Erat
1398 3158 1517 3200 enim
1535 3158 1581 3200 in
1599 3161 1830 3213 potestate
