2188 3535
310 261 357 295 62
1079 250 1154 284 No.
1194 260 1240 295 19
1688 250 1804 295 [1577
1837 248 1943 283 decz.
1980 251 2002 286 8

309 375 517 419 ecclesiae
549 373 793 417 catholicae
824 383 902 425 per
933 368 1138 410 doctores
1169 367 1446 410 orthodoxos
1477 381 1558 410 sua
1588 366 1634 409 in
1665 366 1866 423 quadam
1896 380 2001 422 pru-

310 446 464 488 dentia
498 447 740 487 revocaret.
791 438 965 481 Deinde
1000 432 1070 480 Mti
1105 438 1228 480 Tuae
1277 452 1458 494 quoque
1505 437 1652 494 regiae
1688 437 1872 493 gratias,
1909 450 2001 479 non

309 530 421 571 quas
447 516 600 561 debeo,
629 511 707 554 sed
738 522 850 566 quas
876 521 1074 564 possum,
1103 521 1187 563 ago
1213 508 1470 558 immensas,
1499 508 1623 564 quod
1648 521 1720 550 me
1747 507 2000 563 fratresque

308 585 447 627 nostri
489 582 668 630 ordinis,
711 578 1030 635 propagandae
1070 578 1282 622 salutaris
1323 579 1555 621 doctrinae
1596 592 1733 621 causa
1773 577 1820 619 in
1860 578 2000 620 Tran-

307 653 556 710 sylvaniam
593 649 848 698 liberaliter,
887 648 1078 704 benigne
1114 654 1159 691 et
1197 650 1537 705 perhumaniter
1571 648 1768 691 invitare
1803 661 1895 690 non
1931 651 1999 690 est
2032 663 2052 691 5

307 723 560 778 dedignata.
585 722 775 776 Agerem
798 719 1034 775 ecquidem
1060 718 1133 761 hic
1160 720 1364 775 pluribus
1391 720 1541 763 verbis
1567 720 1691 762 Tuae
1719 713 1790 761 Mti
1815 718 1998 774 gratias,

304 793 387 836 nisi
403 806 577 847 semper
591 805 739 833 rerum
755 790 1059 832 humanarum
1074 789 1438 840 instabilitatem,
1457 789 1636 846 saepius
1657 790 1749 832 iam
1771 792 2000 844 expertus,

304 863 674 918 pertimescerem.
710 860 899 916 Quoties
931 859 1081 902 itineri
1110 874 1182 902 me
1205 861 1392 912 accinxi,
1417 866 1469 903 ut
1489 862 1547 905 ad
1568 861 1715 903 Tuam
1737 858 1846 902 Mtam
1867 859 2000 915 profi-

303 934 485 975 ciscerer
512 937 557 974 et
586 931 737 974 subito
765 935 945 986 praeter
972 944 1154 973 omnem
1185 931 1444 986 opinionem
1473 945 1499 974 a
1528 935 1738 986 suscepto
1767 929 2000 986 proposito

301 1008 484 1046 coactus
514 1017 614 1045 sum
644 1001 822 1044 resilire.
863 1001 1051 1057 Quoties
1071 1001 1340 1044 nunciatum
1371 1006 1464 1044 est:
1499 1002 1571 1044 En
1600 1002 1685 1043 hoc
1717 1015 1836 1044 anno
1867 1000 2051 1056 profi-10

301 1073 558 1116 ciscendum
584 1078 651 1116 est
673 1087 681 1124 ;
711 1072 889 1128 quoties
915 1071 1090 1114 dictum
1116 1076 1185 1114 est
1206 1085 1214 1114 :
1245 1085 1345 1114 ecce
1371 1071 1463 1114 iam
1490 1072 1672 1114 sublata
1698 1076 1804 1114 sunt
1831 1071 1998 1120 omnia,

300 1158 416 1200 quae
443 1143 659 1186 obsistere
687 1142 953 1199 profectioni
981 1142 1258 1185 videbantur
1287 1147 1332 1186 et
1361 1143 1666 1192 nihilominus,
1698 1157 1801 1185 cum
1829 1141 2001 1198 ingenti

301 1215 554 1257 animarum
593 1214 780 1263 iactura,
822 1227 903 1255 nec
943 1213 1037 1255 sine
1076 1213 1203 1269 gravi
1244 1213 1383 1256 animi
1423 1213 1511 1256 mei
1551 1227 1766 1263 maerore,
1798 1213 1845 1255 in
1878 1214 2000 1255 hunc

298 1299 441 1340 usque
484 1299 654 1328 annum
698 1285 839 1326 dilata
882 1283 969 1326 fuit
1013 1284 1225 1327 salutaris
1268 1284 1344 1327 illa
1387 1284 1622 1340 profectio.
1670 1285 1834 1341 Itaque
1877 1296 1996 1326 nunc

299 1355 451 1405 etiam,
493 1356 616 1412 quod
655 1355 831 1397 tamdiu
883 1354 1058 1410 legatus
1097 1356 1221 1398 Tuae
1261 1350 1346 1398 Mtis
1396 1357 1592 1398 Romam
1632 1355 1785 1398 venire
1824 1354 1994 1404 tardat,
2013 1367 2048 1395 15

301 1426 462 1477 nescio,
484 1426 594 1482 quid
617 1426 793 1468 animus
816 1425 1042 1481 praesagit
1066 1425 1188 1475 mali,
1214 1440 1270 1469 ne
1293 1426 1365 1469 vel
1388 1426 1465 1476 illi,
1491 1426 1564 1469 vel
1586 1427 1711 1469 Tuae
1734 1420 1806 1469 Mti
1829 1426 1997 1481 Regiae

298 1496 467 1552 aliquid
499 1496 735 1552 contigerit
758 1496 948 1539 adversi.
974 1497 1090 1539 Eam
1117 1497 1176 1539 ob
1198 1510 1292 1539 rem
1323 1497 1613 1553 prolixiorem
1643 1497 1996 1553 gratulationem

296 1580 522 1609 reservare
561 1567 776 1609 constitui
814 1567 860 1609 in
898 1567 1025 1610 illum
1065 1567 1200 1618 diem,
1241 1582 1332 1624 quo
1371 1567 1482 1610 mihi
1521 1568 1677 1611 divina
1714 1567 1996 1623 benignitate

296 1642 540 1693 conspectu
576 1639 699 1680 Tuae
737 1633 822 1680 Mtis
858 1638 1004 1680 multo
1042 1638 1365 1681 iucundissimo
1403 1638 1491 1681 frui
1528 1653 1791 1682 concessum
1827 1638 1997 1681 fuerit.1

410 1709 539 1751 Bona
565 1708 842 1751 existimatio
869 1714 914 1751 et
942 1709 1200 1765 expectatio
1242 1709 1297 1752 de
1323 1710 1421 1752 Tua
1449 1709 1591 1765 Regia
1630 1708 1707 1753 Mte
1733 1724 1825 1752 non
1852 1710 2048 1752 solumzo

296 1779 481 1829 Romae,
511 1779 589 1821 sed
615 1779 661 1821 in
689 1784 790 1822 tota
817 1779 956 1822 etiam
985 1780 1121 1822 Italia
1148 1780 1353 1836 quotidie
1391 1780 1538 1823 maius
1578 1794 1630 1823 ac
1671 1780 1818 1823 maius
1857 1780 1997 1823 sumit

294 1848 634 1892 incrementum.
692 1850 877 1906 Effigies
913 1852 1037 1894 Tuae
1075 1853 1101 1894 B
1125 1845 1162 1872 ‘³⁵
1200 1852 1372 1894 affabre
1409 1851 1456 1893 in
1494 1865 1569 1894 aes
1606 1851 1748 1894 incisa
1789 1856 1835 1894 et
1874 1851 1997 1908 typis

295 1933 459 1962 excusa
487 1926 568 1970 est,
596 1935 850 1977 magnoque
876 1922 1175 1964 vendentium
1199 1922 1323 1965 lucro
1349 1927 1394 1965 et
1420 1922 1669 1965 ementium
1695 1922 1996 1965 admiratione

293 1990 470 2045 publice
492 2004 569 2046 per
591 1991 766 2047 plateas
787 1993 911 2035 urbis
932 1993 1236 2036 venundatur.
1275 1993 1539 2037 Conticuere
1569 1993 1660 2036 iam
1691 2007 1771 2036 ora
1791 1992 1996 2036 omnium

294 2060 667 2112 adversariorum,
719 2062 797 2118 qui
847 2063 1060 2106 contrarii
1110 2064 1387 2106 videbantur
1436 2064 1663 2107 virtutum
1713 2068 1898 2106 tuarum
1948 2068 2047 2106 et25

293 2131 499 2174 veritatis
523 2132 620 2175 luce
646 2134 859 2189 oppressi,
887 2135 959 2177 vel
983 2134 1130 2184 inviti,
1163 2135 1210 2176 in
1239 2135 1396 2178 laudes
1432 2136 1556 2178 Tuae
1594 2130 1678 2178 Mtis
1703 2148 1994 2191 prorumpere

293 2207 525 2256 coguntur.
568 2203 699 2246 Nunc
734 2205 973 2247 manifeste
1008 2211 1285 2261 cognoscunt
1320 2211 1366 2248 et
1401 2206 1697 2262 experiuntur
1730 2220 1821 2248 non
1856 2205 1993 2248 fuisse

292 2285 423 2322 vana,
454 2287 570 2329 quae
599 2288 679 2330 ego
710 2275 764 2317 de
793 2270 878 2318 Mtis
919 2277 1043 2319 Tuae
1086 2276 1253 2332 Regiae
1282 2276 1383 2327 fide,
1415 2277 1601 2333 pietate,
1633 2276 1858 2332 religione,
1890 2290 1993 2332 pru-

297 2342 448 2385 dentia
475 2349 519 2385 et
548 2345 809 2388 castissimis
849 2348 1050 2389 moribus
1077 2352 1236 2390 contra
1264 2347 1400 2390 falsas
1427 2348 1715 2405 quorundam
1742 2347 1994 2390 calumnias

296 2413 431 2455 verbo
474 2420 518 2457 et
553 2416 719 2471 scripto
753 2417 906 2472 palam
940 2417 1114 2460 fueram
1148 2423 1444 2461 contestatus.
1498 2419 1660 2461 Nullus
1691 2419 1764 2461 hic
1799 2417 1993 2474 amplius
2007 2428 2043 2456 3⁰

294 2481 520 2526 invenitur
551 2487 832 2530 obtrectator
862 2488 1205 2531 honestissimae
1238 2489 1387 2532 famae
1418 2491 1541 2532 Tuae
1574 2484 1672 2540 Mtis,
1707 2490 1857 2532 nullus
1888 2488 1993 2531 fidei

295 2557 340 2593 et
373 2567 547 2597 morum
581 2557 892 2609 calumniator,
941 2560 1103 2609 nullus,
1152 2560 1230 2615 qui
1277 2560 1455 2603 sinistre
1489 2561 1544 2603 de
1576 2561 1674 2603 Tua
1712 2558 1790 2603 Mte
1823 2559 1991 2602 sentiat

295 2627 374 2663 aut
397 2623 619 2678 loquatur.
645 2628 747 2670 Sola
769 2629 1011 2672 Germania
1032 2630 1229 2674 invidiae
1252 2631 1427 2673 facibus
1448 2631 1697 2680 stimulata,
1720 2645 1823 2673 cum
1845 2631 1992 2674 vitam

295 2696 339 2732 et
379 2692 500 2735 facta
537 2691 620 2737 Mtis
657 2699 779 2741 Tuae
830 2701 1153 2756 reprehendere
1201 2716 1291 2744 non
1336 2702 1492 2757 possit,
1533 2702 1695 2752 nescio,
1736 2716 1853 2758 quae
1890 2714 1991 2758 por-

295 2767 474 2805 tentosa
507 2779 625 2808 nova
659 2768 712 2809 de
745 2770 873 2812 obitu
907 2772 1030 2813 Tuae
1065 2767 1149 2814 M¹¹S
1182 2772 1228 2814 in
1262 2772 1424 2828 vulgus
1462 2786 1670 2828 spargere
1703 2787 1794 2815 non
1829 2776 1987 2815 cessat.
2004 2783 2042 2812 35

422 2906 435 2928 ¹
464 2908 497 2941 E
520 2909 699 2945 levelnek
722 2925 854 2959 ugyan
878 2927 898 2950 e
923 2918 1039 2953 kotet
1075 2919 1160 2962 269.
1188 2919 1327 2965 lapjz‘m
1361 2919 1542 2954 kezdddd
1577 2918 1762 2954 masodik
1791 2919 1991 2953 masolata

293 2965 434 3011 helyen
460 2978 484 3001 a
508 2968 729 3005 kovetkezo
753 2974 1019 3021 oldaljegyzet
1043 2978 1257 3013 olvashato
1290 2989 1298 3013 ε
1326 2978 1431 3022 Quae
1456 2978 1513 3013 ibi
1537 2979 1777 3019 adderentur,
1804 2979 1886 3023 regi
1910 2988 1988 3012 non

292 3034 368 3058 esse
384 3025 515 3060 missa.
533 3027 588 3061 Ez
603 3030 785 3065 azonban
799 3043 889 3068 arra
903 3046 925 3068 a
939 3036 1067 3072 reszre
1082 3037 1343 3078 vonatkozik‚
1358 3038 1508 3082 melyet
1522 3037 1671 3072 Szanto
1685 3058 1736 3062 —
1749 3048 1831 3082 ugy
1843 3037 1989 3072 latszik

292 3084 639 3129 megfeledkezven
655 3089 771 3130 arrffl,
801 3101 824 3125 a
853 3093 926 3127 mit
943 3095 1029 3130 mar
1044 3096 1098 3130 irt
1113 3116 1163 3121 —
1179 3107 1202 3131 a
1217 3097 1319 3131 level
1346 3096 1609 3141 befejezesefil
1635 3097 1789 3132 kesobb
1817 3097 1986 3132 ideikta-

291 3144 388 3184 tott,
413 3144 461 3178 de
488 3155 512 3179 a
538 3145 672 3180 minek
698 3147 887 3191 kozleset,
915 3153 1018 3188 mint
1044 3166 1068 3190 a
1094 3156 1200 3201 mely
1227 3156 1308 3201 ugy
1334 3166 1420 3191 sem
1445 3156 1653 3191 kiildetett
1678 3157 1728 3198 el,
1756 3155 2039 3197 melldztiik,4o

292 3205 395 3236 mert
423 3204 503 3249 ugy
532 3204 564 3238 is
594 3204 746 3240 inkabb
775 3207 913 3243 bibliai
941 3212 1184 3249 kitereseket
1213 3214 1335 3260 foglal
1364 3215 1576 3261 magaban.
