2188 3535
133 200 226 243 1581
260 197 384 240 szept.
413 192 474 237 13]
902 183 979 218 No.
1004 183 1057 218 60
1759 171 1829 212 189

947 343 1017 385 60.

545 444 884 502 Gyulajeje'rvdr,
919 442 1032 495 1581
1064 436 1318 494 szeptember
1349 446 1417 488 13.

246 561 292 600 P.
323 557 481 598 Leleszi
510 556 641 607 Janos
675 549 719 590 P.
751 550 977 604 Aquaviva
1007 546 1181 588 Claudio
1210 535 1712 595 jezsuita-generalisnak.

261 656 305 694 H
307 652 481 705 elyzetz'ik
502 652 556 702 7‘6,
572 664 595 689 a
610 648 754 689 rendek
775 643 1063 699 7'6indulatziak
1085 656 1108 681 a
1129 639 1325 692 jezsuitcik
1346 638 1469 682 irdnt,
1490 634 1616 673 habdr
1635 631 1833 683 ujhitz‘c'ek.

82 730 104 758 5
133 713 408 756 Ella'tcisukrbl
444 713 481 751 is
520 705 845 762 gondoskodnak,
883 704 1022 744 cimba'r
1046 716 1092 741 az
1116 698 1406 750 cillampe'nztcir
1441 700 1545 735 iires.
1571 693 1633 732 De
1656 690 1835 730 tcirsakat

133 777 213 822 ker,
242 778 341 813 mert
369 773 531 811 kevesen
560 767 736 808 vannak.
767 767 829 805 ΑΖ
857 765 937 815 τ’ᾕιὶ
967 761 1167 814 fejedelem
1198 757 1444 810 a'jtatossa'ga
1475 755 1514 793 ἐς
1542 751 1682 804 ῥὲἶᾱάε
1711 749 1834 789 valla'-

133 847 312 886 sossaga.

268 928 365 984 Jhs.
382 923 646 969 Reverende
660 920 910 965 admodum
922 918 970 960 in
982 908 1159 960 Christo
1173 914 1283 968 Jesu
1295 912 1432 953 Pater
1444 913 1529 950 etc.
1547 908 1642 949 Pax
1658 903 1834 948 Christi.

269 999 448 1042 Alteras
485 996 578 1038 iam
616 994 676 1036 ad
713 995 768 1035 R.
810 993 857 1034 P.
898 991 1046 1032 Tuam
1081 987 1216 1028 hasce
1255 983 1325 1025 do.
1366 979 1643 1034 Scripseram
1679 989 1836 1031 nuper,

86 1091 126 1119 10
137 1076 364 1128 quantum
395 1068 530 1111 unius
560 1065 669 1108 boni
701 1061 988 1110 coadjutoris,
1015 1073 1066 1101 ac
1094 1055 1239 1099 veluti
1270 1051 1484 1109 parentis,
1520 1062 1658 1104 opera
1688 1046 1760 1088 hic
1793 1045 1840 1087 in

137 1144 223 1185 hac
247 1139 490 1184 residentia
526 1138 706 1180 Albana
729 1132 1066 1189 indigeremus.1
1105 1129 1160 1170 In
1187 1124 1329 1168 literis
1353 1122 1414 1165 ad
1438 1123 1492 1163 R.
1521 1121 1570 1162 P.
1599 1120 1841 1161 Rectorem

140 1214 273 1263 datis,
303 1211 495 1254 sollicita
521 1214 589 1251 est
617 1205 876 1250 Paternitas
902 1204 1001 1245 Tua
1023 1201 1078 1242 de
1104 1196 1358 1241 redditibus
1383 1191 1515 1235 nobis
1542 1188 1837 1244 assignandis.

141 1286 237 1340 Ego
279 1297 386 1325 vero
429 1282 484 1323 de
524 1279 610 1321 illis
651 1274 947 1334 procurandis
987 1270 1099 1314 nihil
1139 1269 1406 1313 laborarem,
1452 1262 1488 1305 si
1530 1260 1842 1303 coadiutorem

141 1355 399 1398 habuissem
426 1352 619 1399 fidelem,
649 1348 777 1405 pium
805 1351 850 1388 et
880 1344 1154 1399 diligentem,
1186 1338 1257 1381 cui
1286 1337 1448 1379 domus
1476 1346 1632 1375 curam
1661 1344 1843 1372 omnem

94 1445 129 1474 15
143 1426 427 1469 committere
484 1421 746 1478 potuissem.
802 1418 923 1459 Nam
982 1413 1189 1470 princeps
1230 1409 1349 1451 111112⁰⁵
1402 1404 1542 1448 felicis
1586 1401 1842 1449 memoriae,

143 1512 246 1540 vere
267 1509 429 1552 parens
448 1507 589 1541 meus,
625 1492 710 1533 hoc
737 1503 829 1531 non
850 1486 1046 1529 dedisset
1068 1482 1192 1531 mihi,
1216 1479 1341 1537 quod
1360 1489 1517 1533 rogare
1537 1472 1840 1516 nescii-issem.

144 1570 243 1611 Imo
285 1567 406 1610 ultro
450 1560 773 1606 tantummodo
818 1558 879 1601 ad
919 1556 1144 1599 rationem
1187 1563 1383 1599 mensae,
1431 1547 1491 1590 ad
1532 1543 1845 1588 hebdomadas

143 1639 340 1695 singulas
363 1637 528 1679 taleros
552 1648 631 1677 sex
654 1644 891 1675 numerare
915 1627 1132 1670 voluisset
1149 1639 1158 1675 ;
1188 1623 1268 1666 sed
1290 1620 1437 1664 omnis
1461 1631 1569 1660 cura
1591 1616 1639 1658 in
1664 1614 1845 1657 defectu

143 1711 237 1753 coci
274 1714 319 1752 et
357 1705 632 1751 coadiutoris
670 1708 779 1746 erat.
820 1702 954 1743 Nunc
992 1698 1067 1740 illo
1105 1711 1129 1739 e
1166 1694 1284 1737 vivis
1322 1692 1382 1734 ad
1419 1689 1611 1732 coeleste
1657 1699 1845 1742 regnum

90 1782 336 1830 2osub1ato‚
378 1779 463 1822 etsi
502 1775 726 1819 difficilior
763 1770 1022 1830 procuratio
1061 1767 1287 1815 videatur,
1328 1762 1439 1805 nihil
1478 1766 1635 1803 tamen
1672 1758 1841 1800 laboro.

260 1854 329 1895 Ea
381 1851 501 1893 enim
554 1853 621 1890 est
675 1845 963 1888 dominorum
1015 1843 1337 1895 magnatorum
1390 1839 1436 1876 et
1490 1829 1846 1874 consiliariorum

144 1938 248 1980 erga
286 1937 359 1966 me
397 1917 716 1964 benevolentia
754 1920 799 1958 et
838 1912 1115 1960 humanitas,
1158 1906 1369 1965 quamvis
1407 1902 1753 1949 haereticorum,
1795 1904 1847 1941 ut

145 1997 365 2038 hactenus
385 1992 496 2035 nihil
517 1990 698 2047 penitus
716 1986 828 2030 mihi
850 1985 1124 2040 denegatum
1145 1978 1371 2023 senserim.
1390 1974 1626 2018 Accedunt
1641 1972 1846 2018 libenter,

147 2067 467 2122 colloquuntur
500 2061 654 2109 amice,
703 2059 795 2101 imo
831 2060 1023 2100 evocant
1062 2054 1111 2095 in
1143 2050 1384 2094 secretiora
1418 2046 1561 2094 aulae,
1598 2057 1690 2086 non
1723 2054 1850 2084 secus

95 2152 271 2182 25meas
302 2151 355 2179 ac
385 2148 529 2177 unum
561 2145 745 2175 suorum
776 2129 945 2176 colunt,
979 2127 1268 2170 venerantur,
1303 2119 1416 2162 adeo
1447 2123 1500 2160 ut
1532 2129 1604 2158 me
1635 2112 1850 2168 meipsius

149 2209 320 2265 pudeat
345 2207 589 2249 interdum.
619 2201 743 2244 Nihil
768 2214 824 2242 ne
849 2199 897 2240 in
923 2197 1111 2240 aedibus
1137 2192 1322 2250 quidem
1347 2190 1550 2245 ipsorum
1577 2186 1851 2239 denegatum

151 2280 324 2323 volunt.
364 2277 476 2321 Heri
514 2277 568 2318 R.
606 2275 656 2316 P.
693 2274 863 2315 Rector
898 2268 1083 2311 miserat
1120 2266 1222 2313 huc,
1261 2268 1314 2304 ut
1352 2270 1623 2316 quacunque
1660 2254 1848 2302 ratione,

151 2351 291 2394 etiam
332 2364 360 2392 a
400 2347 653 2391 Blandrata
693 2342 848 2398 impio,
892 2338 1132 2396 pecuniam
1174 2339 1219 2376 et
1261 2331 1483 2375 viaticum
1524 2329 1573 2370 P.
1619 2324 1851 2368 Ludow'co

151 2436 371 2478 pararem.
402 2421 550 2475 Quam
569 2417 616 2458 in
636 2418 881 2469 angustum
900 2410 1137 2452 redactum
1156 2418 1277 2447 nunc
1297 2403 1355 2445 sit
1376 2399 1599 2443 aerarium
1620 2394 1849 2453 principis,

99 2495 247 2549 aoipse
275 2491 405 2534 testis
433 2504 546 2532 sum.
586 2485 772 2543 Quoties
801 2482 921 2525 enim
948 2492 1095 2522 novus
1121 2477 1194 2518 hic
1224 2473 1435 2529 deligitur
1461 2469 1685 2526 princeps,
1716 2466 1854 2509 toties

153 2566 299 2607 'furca
334 2575 518 2605 suorum
553 2558 751 2613 aliquem
786 2550 1096 2596 assistentium
1127 2545 1314 2594 emittit,
1352 2542 1430 2599 qui
1465 2555 1570 2584 eum
1603 2538 1855 2595 principem

155 2650 182 2678 a
214 2649 261 2677 se
293 2634 488 2676 electum
521 2635 566 2672 et
600 2627 919 2684 approbatum,
955 2620 1119 2664 vexillo
1153 2623 1199 2659 et
1232 2615 1394 2658 baculo
1428 2627 1507 2656 seu
1539 2611 1670 2653 clava
1703 2609 1855 2651 delata

157 2707 365 2749 declaret.
414 2703 502 2746 Hic
538 2698 717 2743 nonnisi
748 2693 959 2739 maximis
991 2699 1036 2733 et
1069 2687 1343 2736 muneribus,
1382 2690 1427 2727 et
1474 2682 1646 2725 divitiis
1678 2687 1852 2728 auctus,

106 2848 303 2898 aeafluit,
338 2847 608 2889 ducatorum
639 2840 828 2896 triginta
861 2835 1001 2879 millia
1040 2830 1243 2875 abstulit.
1288 2829 1447 2883 Neque
1489 2831 1646 2868 tamen
1689 2835 1855 2865 munus

160 2919 289 2975 parvi
308 2917 566 2964 aestimans,
588 2914 707 2956 laeto
728 2908 902 2964 accepit
922 2905 1068 2948 vultu.
1091 2901 1252 2944 Nullus
1272 2912 1456 2942 suorum
1475 2911 1531 2939 ne
1551 2909 1636 2951 aga
1656 2893 1854 2950 quidem,

162 2994 242 3032 aut
263 2989 401 3032 mulio
422 2986 668 3029 indonatus
691 2977 965 3025 dimittenda
986 2980 1066 3018 est.
1091 2974 1205 3016 Erat
1227 2975 1383 3013 autem
1404 2968 1509 3011 aula
1530 2967 1625 3010 eius
1647 2966 1857 3020 frequens

164 3060 370 3115 equitum
423 3058 735 3100 ducentorum.
799 3047 1026 3107 Quicquid
1077 3043 1277 3086 habebat
1332 3039 1568 3087 aerarium,
1625 3036 1673 3078 id
1725 3046 1859 3076 omne

167 3115 1862 3149 f

293 3172 309 3192 ¹
336 3171 540 3205 Kozoltfik
567 3167 770 3203 kotetfink
802 3165 858 3209 56.
889 3173 942 3196 sz.
974 3171 1008 3194 a.
