2188 3535
92 208 186 250 1583
220 215 309 249 aug.
349 205 384 248 1]
856 206 930 240 No.
961 216 1006 251 93
1705 210 1778 253 289

91 321 302 365 Poloniae
353 334 432 363 rex
481 320 727 375 Augustus,
799 322 1011 378 singulari
1078 323 1347 365 christianae
1398 324 1634 367 charitatis
1685 326 1778 367 zelo

89 397 242 435 motus
270 404 449 447 gregem
479 389 756 433 dominicum
786 406 876 435 non
906 394 1052 435 solum
1082 394 1140 435 ab
1171 394 1360 449 antiquo
1389 395 1561 450 generis
1591 395 1777 438 humani

89 462 270 505 inimico
306 460 601 517 spiritualiter
636 461 810 516 agitari,
848 477 1006 505 verum
1042 464 1180 506 etiarn
1216 465 1486 507 catholicam
1521 466 1777 522 religionem

89 533 136 575 in
168 546 306 588 regno
343 531 698 587 Transylvaniae
724 538 908 588 propter
946 534 1212 576 continuum
1246 535 1498 578 vicinorum
1530 537 1778 580 Turcarum

38 615 57 643 5
90 608 135 646 et
181 603 372 645 aliorum
417 602 714 644 barbarorum
759 616 812 644 ac
856 603 1184 646 haereticorum
1229 607 1546 648 commercium
1592 606 1778 649 diversis

90 673 349 716 haeresibus
374 677 419 715 et
443 672 782 715 calamitatibus
805 673 852 715 in
876 673 970 715 dies
994 675 1257 724 conculcari,
1284 676 1426 718 minui
1450 682 1494 718 et
1519 678 1779 720 conturbari

89 759 181 787 non
219 744 314 786 sine
352 757 517 798 magno
558 743 709 785 dolore
748 744 1077 799 perspexisset;
1118 751 1170 786 ut
1210 746 1425 788 adversus
1465 752 1534 789 tot
1574 748 1694 790 mala
1733 753 1778 790 et

89 819 238 871 pestes
258 814 507 856 remedium
529 813 713 869 aliquod
734 819 982 869 pararetur,
1004 815 1245 871 religioque
1267 817 1511 860 christiana
1540 824 1777 874 tamquam

89 886 152 928 ibi
168 885 224 927 de
241 899 360 927 novo
378 885 601 940 plantata,
621 884 809 926 salutari
825 885 952 927 verbi
986 885 1070 927 Dei
1099 886 1357 941 irrigatione
1388 888 1778 944 spiritualiumque

40 969 74 997 10
89 956 441 998 ministeriorum
485 955 760 997 tractatione
804 961 849 997 et
894 956 1215 998 exercitatione
1259 964 1531 1000 excresceret
1576 964 1620 1001 et
1665 960 1777 1001 revi-

88 1032 279 1069 resceret
321 1026 683 1081 liberalioresque
725 1025 986 1081 disciplinae
1028 1026 1090 1068 ibi
1132 1027 1296 1070 iterum
1338 1028 1678 1077 efflorescerent,
1723 1044 1778 1072 ex

89 1097 277 1140 diversis
311 1096 568 1151 regionibus
603 1096 907 1152 superioribus
943 1097 1071 1139 annis
1108 1098 1280 1153 aliquot
1317 1113 1372 1140 ex
1409 1098 1632 1141 Societate
1668 1100 1778 1153 Jesu

89 1168 361 1224 presbiteros
381 1172 425 1210 et
444 1167 672 1223 religiosos
691 1167 862 1222 pietate
890 1181 941 1209 ac
970 1168 1091 1209 vitae
1119 1168 1379 1223 integritate
1401 1170 1780 1212 commendabiles

88 1239 134 1281 in
177 1238 556 1294 Transylvaniam
601 1238 882 1294 praedictam
927 1239 1103 1280 evocari
1149 1245 1193 1280 et
1239 1240 1477 1281 nonnullos
1522 1254 1677 1282 eorum
1721 1240 1780 1283 ad

39 1322 74 1350 15
88 1309 325 1352 civitatem
363 1309 528 1351 Albam
567 1309 739 1363 juliam
785 1309 1036 1350 transmitti
1062 1316 1397 1364 procuraverat,
1426 1323 1558 1365 opere
1584 1310 1781 1365 pretium

90 1381 320 1422 facturum
353 1380 631 1428 existimans,
667 1379 703 1421 si
736 1379 782 1421 in
815 1379 938 1421 dicta
971 1380 1156 1422 civitate
1192 1394 1335 1422 unum
1367 1380 1603 1435 collegium
1637 1381 1781 1423 Socie-

88 1451 199 1493 tatis
214 1451 324 1505 Jesu
339 1450 447 1506 erigi
462 1455 651 1499 curaret,
671 1449 854 1501 tradita,
875 1451 1147 1492 auctoritate
1164 1464 1244 1492 sua
1264 1451 1384 1506 regia
1405 1456 1449 1492 et
1470 1465 1577 1493 suae
1597 1456 1781 1494 sanctae

89 1521 377 1577 cogitationis
429 1521 595 1577 vigore,
650 1521 819 1563 eisdem
871 1521 1078 1576 patribus
1131 1522 1315 1563 ecclesia
1369 1522 1523 1564 Sancti
1563 1522 1781 1577 Stephani

89 1607 192 1635 curn
218 1592 410 1648 regulari
435 1591 571 1634 domo
597 1591 660 1634 illi
686 1592 912 1647 contigua,
942 1606 1057 1647 quae
1084 1592 1190 1634 olim
1218 1593 1364 1634 fuerat
1393 1592 1588 1634 fratrum
1614 1593 1781 1634 ordinis

37 1663 472 1712 20Praedicatorum,
509 1663 643 1704 nullis
677 1662 945 1718 iampridem
980 1663 1084 1705 inde
1119 1663 1434 1705 habitantibus
1469 1662 1580 1705 dicti
1613 1663 1781 1705 ordinis

89 1734 317 1783 fratribus,
352 1734 430 1776 sed
461 1747 642 1789 prorsus
674 1733 852 1775 deserta
884 1739 929 1775 et
962 1733 1175 1776 derelicta
1206 1738 1432 1782 manente,
1467 1733 1512 1775 in
1546 1734 1780 1789 collegium

88 1810 133 1847 et
163 1804 510 1853 habitationem,
545 1809 626 1846 aut
658 1803 793 1846 dubie
825 1804 948 1859 piam
979 1805 1096 1847 hanc
1128 1804 1427 1846 intentionem
1458 1804 1652 1859 praefati
1684 1804 1781 1846 Ste-

88 1875 227 1931 phani
263 1875 378 1930 regis
415 1874 622 1917 adiutam
660 1879 704 1916 et
743 1875 1059 1917 confirmatam
1096 1875 1149 1917 iri
1187 1888 1383 1930 sperans,
1425 1874 1616 1916 Sanctae
1655 1875 1782 1916 Sedis

88 1945 363 2001 apostolicae
375 1945 648 1988 auctoritate
660 1950 705 1986 et
721 1945 1004 2000 beneplacito
1025 1945 1367 1993 interveniente,
1391 1959 1495 1987 curn
1516 1945 1780 2000 praesertim

36 2029 72 2056 25
89 2017 262 2059 viribus
279 2016 365 2058 illis
384 2015 475 2057 iam
494 2020 603 2057 tunc
622 2015 680 2057 ab
698 2015 886 2057 humani
903 2016 1075 2070 generis
1093 2017 1223 2057 hoste
1242 2030 1319 2071 per
1339 2015 1471 2057 devia
1489 2020 1559 2057 tot
1579 2029 1781 2058 errorum

89 2088 147 2130 ab
176 2086 284 2129 ovili
315 2086 540 2128 dominico
572 2090 810 2127 veternoso
839 2086 933 2128 eius
964 2091 1068 2128 astu
1099 2086 1330 2141 separatis,
1356 2086 1440 2127 hoc
1469 2099 1611 2127 unum
1642 2092 1780 2141 atque

88 2158 274 2200 unicum
310 2156 528 2199 redeundi
565 2161 816 2211 superesset
853 2156 1114 2198 remedium.
1160 2158 1225 2197 Ac
1263 2156 1402 2198 etiarn
1440 2155 1623 2197 demum
1660 2156 1779 2198 idem

90 2229 348 2284 Stephanus
378 2242 458 2270 rex
489 2226 892 2269 commoditatibus
923 2226 1123 2281 ipsorum
1156 2231 1339 2281 patrum
1371 2226 1645 2281 peramplius
1677 2239 1780 2267 con-

89 2299 231 2341 sulere
257 2299 426 2347 volens,
455 2312 598 2339 unum
622 2297 807 2338 hortum
833 2310 972 2352 prope
998 2302 1043 2338 et
1070 2301 1199 2338 extra
1224 2310 1376 2338 muros
1403 2295 1550 2337 dictae
1577 2295 1776 2338 civitatis

37 2382 144 2412 30ex
176 2369 365 2412 adverso
389 2368 543 2411 Sancti
563 2367 764 2422 Gregorii
792 2367 991 2409 eiusdem
1023 2367 1222 2408 civitatis
1255 2366 1406 2414 situm,
1437 2371 1482 2407 et
1514 2365 1632 2416 olim,
1669 2365 1777 2409 dum

90 2440 322 2482 christiani
354 2453 478 2495 reges
510 2438 709 2494 legitimo
743 2437 1032 2479 successionis
1064 2437 1157 2478 iure
1191 2450 1377 2491 regnum
1409 2435 1520 2477 illud
1552 2436 1777 2491 Ungariae

90 2511 384 2566 possiderent,
420 2508 809 2564 ecclesiasticaque
851 2512 896 2550 et
929 2507 1151 2550 catholica
1184 2506 1418 2561 disciplina
1450 2506 1512 2547 ibi
1546 2506 1774 2562 vigebant,

91 2581 149 2624 ad
189 2581 551 2637 praeposituram
574 2579 781 2622 Albensis
822 2584 992 2633 portae,
1036 2592 1152 2633 quae
1193 2577 1322 2619 annis
1362 2576 1604 2632 praedictis
1644 2577 1777 2619 simul

91 2666 194 2694 cum
216 2652 307 2694 fere
329 2652 540 2694 omnibus
560 2649 760 2693 eiusdem
782 2648 981 2691 civitatis
1002 2648 1228 2690 beneficiis
1262 2647 1571 2689 ecclesiasticis
1592 2653 1777 2703 propter

39 2722 278 2778 35impiam
308 2723 557 2765 Turcarum
589 2720 827 2764 saevitiam
862 2733 889 2762 a
911 2719 1219 2762 sacerdotibus
1254 2723 1299 2760 et
1331 2717 1438 2759 viris
1469 2717 1778 2760 ecclesiasticis

91 2793 285 2835 obtineri
334 2793 553 2841 desinent,
605 2790 918 2847 pertinentem,
973 2789 1117 2831 eidem
1166 2788 1383 2832 Societati
1414 2787 1524 2842 Jesu
1572 2788 1778 2844 illiusque

91 2863 304 2919 religiosis
323 2863 524 2919 personis
545 2862 603 2905 ad
623 2876 757 2904 usum
777 2875 945 2909 eorum,
968 2865 1014 2902 et
1033 2860 1079 2901 in
1099 2873 1188 2915 quo
1209 2873 1255 2901 se
1275 2858 1529 2901 studiorum
1549 2858 1779 2901 laboribus

93 2934 366 2989 defatigatos
407 2932 696 2976 recreationis
738 2946 874 2974 causa
915 2931 1109 2986 recipere
1152 2936 1348 2985 possent,
1393 2928 1779 2984 quemadmodum

92 3005 336 3059 praemissa
362 3004 624 3047 universum
664 3002 886 3058 religionis
926 3001 1196 3043 christianae
1235 3000 1281 3042 in
1321 2999 1443 3042 dicto
1484 3013 1618 3054 regno
1659 3013 1779 3041 com-

39 3075 278 3117 4omodum
309 3088 568 3131 procurans,
601 3074 667 3116 ita
697 3072 1032 3128 beneplacitum
1063 3070 1262 3113 eiusdem
1294 3069 1560 3112 Sanctitatis
1590 3070 1778 3111 Vestrae

93 3150 137 3186 et
182 3145 375 3188 Sanctae
419 3145 545 3187 Sedis
588 3143 861 3199 apostolicae
903 3142 1007 3184 huic
1051 3141 1151 3197 piae
1194 3154 1301 3183 suae
1338 3139 1580 3182 intentioni
1611 3141 1778 3182 affutu-

162 3246 266 3272 Fontae
289 3246 395 3272 Rerum
416 3246 702 3278 Transylvaniearum
726 3244 748 3270 Ι.
1593 3232 1636 3266 Ῐ9
