2188 3535
410 249 466 284 VI
1033 236 1176 274 E16szc'>
1204 255 1254 261 —
1280 234 1485 270 Praefatio

410 360 616 408 koza‘sait,
649 357 808 412 vagyis
841 368 868 396 a
901 352 1016 394 mult
1049 349 1159 391 idok
1192 362 1214 390 e

409 438 486 479 ket
525 434 801 489 orszaganak
838 444 865 471 a
900 427 1037 470 veliik
1072 439 1215 467 szom-

410 513 565 555 szedos
633 504 905 551 allamokkal
973 500 1213 543 fennallott

409 582 779 630 osszekottete'set
819 581 864 621 es
902 577 1215 633 diplomacziai

407 661 666 705 levelezeset
716 657 816 700 &leli
866 655 937 697 fel.
990 654 1214 696 Kiadasra

406 738 579 780 varnak
630 736 758 777 tehat
812 731 980 785 Erdely
1032 731 1215 785 fejedel-

406 813 583 856 meinek
633 811 679 852 es
728 807 946 851 kivalobb
995 806 1214 848 torteneti

405 889 664 945 alakjainak
722 899 843 941 vagy
901 883 1214 937 csaladjainak

405 965 641 1009 levelezese
674 960 1012 1009 kiilfoldiekkel,
1046 974 1099 1001 az
1132 959 1213 1001 Er-

404 1045 595 1099 delyben
619 1043 665 1084 es
689 1039 1096 1096 Magyarorszagon
1120 1037 1211 1091 jart

405 1135 523 1177 vagy
549 1119 765 1174 szerepelt
792 1115 1010 1171 idegenek
1038 1113 1211 1163 leveIei,

404 1196 634 1240 sitleirasai
655 1196 700 1237 e's
721 1193 976 1237 kiilonbozo
997 1190 1210 1245 konyvei.

405 1275 558 1317 Ehhez
582 1272 793 1328 jarulnak
816 1269 953 1326 papai
976 1268 1212 1311 nuncziusi

403 1350 663 1406 jelentesek,
681 1347 871 1390 kiilfoldi
888 1345 1213 1401 egyetemeken

404 1427 554 1469 tanult
569 1422 931 1480 magyarorszagi
943 1422 992 1476 ifj
1000 1422 1060 1463 ak
1072 1434 1213 1476 anya-

405 1502 600 1558 konyvei
646 1501 691 1543 es
736 1498 1035 1554 soljegyzesei,
1081 1497 1214 1539 isme-

402 1580 543 1621 retlen
596 1578 763 1633 erdelyi
814 1576 1040 1620 kronikak
1091 1590 1213 1632 vagy

403 1656 570 1698 csaladi
591 1655 841 1698 leveltarak
862 1653 1096 1709 regesztai,
1119 1654 1210 1696 stb.

459 1762 752 1804 Vallalatunk
781 1761 949 1802 ekke'nt
978 1784 1035 1790 —
1065 1759 1213 1801 valto-

403 1838 527 1875 zatos
564 1832 861 1875 tartalmaval
898 1857 955 1863 —
994 1846 1046 1874 az
1085 1832 1213 1887 egesz

404 1904 575 1947 miivelt
607 1903 728 1959 vilag
759 1903 1009 1945 tortenetet
1042 1903 1212 1945 erdekli

405 1977 449 2018 e's
481 1975 640 2018 boviti.
685 1975 724 2017 A
754 1974 928 2016 mellett
962 1974 1123 2016 hiteles
1151 1974 1212 2016 le-

405 2047 601 2088 irasokat
638 2046 773 2101 nyujt
811 2045 1000 2100 Erdely-
1036 2046 1082 2087 es
1119 2045 1213 2087 Ma-

404 2119 669 2173 gyarorszag
685 2116 944 2172 multjanak
959 2116 1213 2171 viszonyai-

405 2189 482 2238 rol,
534 2188 757 2242 melyeket
809 2201 835 2229 a
884 2187 1061 2229 kfflffild
1111 2188 1214 2243 meg

404 2259 574 2314 mindig
586 2273 691 2301 nem
703 2259 839 2300 ismer
852 2258 1043 2301 kelloen.
1059 2258 1213 2313 Anya-

405 2331 527 2385 gunk
556 2343 607 2371 az
638 2329 724 2371 elet
755 2329 942 2371 minden
971 2329 1212 2384 nyilvanu-

406 2401 518 2441 lasat
572 2400 765 2442 felolelte
803 2415 824 2442 s
862 2402 938 2456 igy
975 2401 1214 2443 koteteink

375 2472 587 2527 ‚boseges
629 2472 879 2514 adatokkal
920 2472 1215 2527 gyarapitjak

408 2542 496 2596 ugy
531 2556 558 2583 a
591 2543 696 2584 koz-
729 2543 776 2584 es
810 2544 1212 2594 hadtortenelmet‚

409 2612 521 2653 mint
575 2626 627 2654 az
685 2615 873 2669 egyhaz-
932 2615 978 2657 es
1030 2615 1215 2658 mivelo-

409 2683 790 2734 destortenelmet‚
859 2685 1101 2728 irodalom-
1170 2687 1216 2728 es

409 2754 893 2809 gazdasagtortenetet‚
968 2758 1215 2812 regeszetet

409 2824 455 2864 es
510 2823 774 2875 felirattant,
837 2828 950 2870 fold-
1003 2829 1049 2870 e's
1108 2829 1217 2884 nep-

410 2893 568 2947 rajzot,
594 2896 1215 2954 terme'szettudomanyokat,

410 2965 497 3006 stb.

468 3035 506 3076 A
561 3034 709 3078 leheto
763 3039 1025 3096 legnagyobb
1079 3043 1218 3098 teljes-

412 3108 528 3161 segre
556 3109 847 3160 torekedven‚
884 3112 1035 3154 Veress
1065 3113 1218 3156 Endre

412 3177 581 3218 eveken
634 3180 679 3219 at
732 3180 939 3223 kutatott
991 3183 1216 3233 Ausztria,

1287 348 1451 390 horum
1486 347 1682 389 duorum
1716 359 1959 402 regnorum
1993 358 2100 387 cum

1287 418 1493 460 finitimis
1509 418 1657 474 regnis
1673 416 1956 471 temporibus
1972 428 2101 470 prae-

1287 488 1434 530 teritis
1475 487 1776 530 connexiones
1817 491 1861 529 et
1903 486 2099 535 litterae,

1288 573 1405 614 quae
1432 559 1551 601 inter
1577 573 1624 600 se
1651 558 1815 600 missae
1843 557 2100 612 allataeque

1287 634 1408 671 sunt.
1446 629 1653 671 Edentur
1688 642 1792 683 ergo
1826 628 2006 670 litterae
2041 627 2101 669 ad

1287 704 1466 742 exteros
1503 713 1530 741 a
1562 699 1854 754 principibus,
1895 697 2102 740 illustris-

1287 770 1412 811 simis
1460 769 1754 812 historiarum
1803 769 2005 824 personis
2054 772 2100 810 et

1288 840 1470 882 familiis
1516 840 1874 895 Transylvaniae
1921 839 2101 889 missae,

1287 911 1546 967 scriptaque
1607 912 1654 953 in
1714 924 1851 966 regno
1914 910 2102 965 Hunga-

1286 982 1378 1023 riae
1413 987 1457 1023 et
1493 982 1852 1036 Transylvaniae
1886 982 2102 1024 itineran-

1287 1052 1405 1094 tium
1444 1052 1517 1094 vel
1557 1058 1710 1108 partes
1751 1052 1987 1108 agentium
2026 1066 2104 1094 ex-

1287 1128 1503 1173 terorum,
1533 1124 1859 1179 descriptiones
1885 1124 2103 1167 itinerum

1287 1199 1332 1237 et
1388 1195 1503 1237 varii
1557 1194 1674 1237 libri.
1738 1195 1824 1237 His
1883 1195 2101 1237 accedent

1286 1265 1527 1308 relationes
1566 1266 1837 1309 nunciorum
1873 1265 2104 1321 Apostoli-

1287 1351 1457 1388 corum,
1506 1337 1774 1380 matriculae
1828 1340 1969 1393 atque
2022 1336 2104 1379 ad-

1287 1409 1547 1451 notationes
1595 1409 1817 1451 iuvenum
1866 1407 1922 1450 de
1971 1407 2104 1450 Hun-

1286 1479 1410 1535 garia
1449 1484 1628 1522 exteras
1666 1478 1990 1521 universitates
2017 1479 2103 1521 fre-

1287 1551 1626 1606 quentantium,
1655 1551 1892 1606 hucusque
1919 1550 2103 1607 ignotae

1286 1621 1645 1676 Transylvaniae
1693 1622 1896 1672 annales,
1926 1626 2105 1677 regesta

1287 1692 1577 1734 archivorum
1605 1691 1912 1741 familiarium,
1944 1696 2029 1734 ete.

1346 1763 1589 1820 Inceptum
1627 1763 1770 1819 igitur
1809 1766 2019 1805 nostrum
2044 1787 2098 1794 —-

1286 1835 1424 1877 variis
1440 1833 1722 1891 argumentis
1737 1858 1796 1864 —
1809 1832 1957 1875 totius
1973 1846 2105 1875 mun-

1287 1905 1333 1947 di
1369 1905 1659 1947 humanitate
1696 1904 1829 1960 politi
1864 1903 2106 1946 historiam

1286 1976 1333 2018 in
1363 1990 1410 2018 se
1437 1976 1641 2018 continet
1670 1980 1715 2018 et
1745 1974 1946 2031 augebit.
1972 1975 2106 2017 Prae-

1285 2053 1410 2090 terea
1457 2047 1505 2090 in
1551 2047 1623 2089 his
1670 2045 1981 2089 monumentis
2028 2046 2104 2088 de-

1286 2120 1546 2161 scribuntur
1611 2117 1953 2160 coniunctiones
2025 2131 2105 2159 an-

1286 2191 1442 2247 tiquae
1471 2188 1596 2245 regni
1616 2188 1879 2244 Hungariae
1898 2192 1943 2230 et
1963 2188 2107 2230 Tran-

1286 2261 1522 2317 sylvaniae
1543 2274 1569 2302 a
1589 2259 1802 2316 gentibus
1831 2258 1998 2303 exteris
2026 2259 2106 2301 ad-

1287 2334 1376 2375 huc
1405 2332 1485 2374 vix
1514 2331 1626 2374 satis
1655 2330 1879 2387 cognitae.
1912 2330 2104 2373 Materia

1288 2417 1397 2446 vero
1422 2407 1580 2445 nostra
1607 2416 1663 2445 ex
1688 2401 1830 2444 variis
1855 2401 1981 2443 vitae
2007 2401 2106 2443 ton-

1288 2474 1412 2516 tibus
1432 2475 1599 2516 hausta
1618 2472 1882 2528 perabunde
1906 2471 2104 2528 adauget

1287 2545 1527 2587 historiam
1546 2544 1820 2593 universam,
1841 2543 1904 2585 rei
1922 2556 2106 2599 quoque

1289 2615 1498 2658 militaris
1539 2614 1792 2664 scientiam,
1839 2627 1931 2656 non
1976 2627 2105 2656 secus

1289 2686 1514 2736 ecclesiae,
1549 2685 1699 2728 cultus
1720 2689 1764 2727 et
1785 2684 2102 2735 humanitatis,

1288 2758 1575 2800 litteraturae
1609 2756 2003 2812 agriculturaeque
2037 2755 2106 2797 hi-

1289 2829 1489 2879 storiam,
1516 2828 1846 2884 archeologiam
1866 2830 1910 2869 et
1932 2826 2104 2882 epigra-

1290 2901 1460 2957 phiam,
1493 2913 1594 2955 geo·
1626 2905 1673 2942 et
1711 2897 2104 2954 ethnographiam,

1289 2971 1529 3014 historiam
1559 2969 1815 3012 naturalem
1844 2973 1928 3011 etc.

1349 3042 1421 3085 Ad
1441 3042 1683 3085 absolutam
1701 3039 2005 3096 perfectionem
2024 3039 2103 3081 ad-

1292 3114 1458 3155 ductus
1480 3112 1685 3154 Andreas
1712 3111 1865 3153 Veress
1887 3123 1967 3165 per
1989 3109 2106 3151 mul·

1290 3188 1364 3226 tos
1394 3197 1538 3226 annos
1569 3181 1862 3226 scrutabatur
1891 3180 1939 3222 in
1959 3179 2105 3222 archi·
