2188 3535
122 191 213 232 1581
251 188 358 222 deca
397 188 460 231 10]
887 189 962 224 No.
990 191 1039 225 68
1739 195 1807 230 205

117 320 209 349 una
235 305 331 349 vice
359 318 412 348 21
442 305 660 360 percurrit
682 319 691 355 ;
721 306 810 348 alia
837 306 934 349 vice
962 307 1029 356 26,
1059 321 1173 349 come
1200 307 1240 349 si
1266 311 1447 349 roteasse
1474 319 1553 348 con
1578 306 1617 347 le
1646 305 1810 355 balotte,

117 377 270 419 dicens
289 377 401 418 haec
424 380 643 426 servatur,
668 377 778 418 haec
801 391 892 419 non
914 382 1133 428 servatur,
1159 382 1374 420 servetur.
1401 377 1583 419 Intrant
1606 377 1812 433 quotidie

117 448 374 504 quicunque
417 446 577 490 volunt
621 447 795 488 externi
837 462 979 504 usque
1022 448 1082 490 ad
1123 448 1380 490 cubiculum
1422 452 1643 498 nostrum,
1688 447 1814 490 nulla

118 523 326 561 servatur
363 517 582 559 clausura.
617 517 800 571 Janitor
837 523 905 561 est
944 533 1056 575 puer
1094 519 1344 568 Polonicus,
1385 518 1464 574 qui
1502 532 1813 574 quoscumque

69 602 87 629 5
118 588 385 631 intromittit
424 593 469 630 et
508 587 734 643 permittit
786 589 941 644 vagari
991 604 1071 645 per
1115 589 1350 645 collegium
1389 595 1434 632 et
1473 604 1552 645 per
1590 589 1809 639 cubicula,

118 659 260 703 veluti
303 673 383 715 per
425 658 607 715 publica
650 659 908 702 diversoria.
947 660 1042 702 Alit
1086 660 1254 703 frustra
1298 660 1562 703 Polonicum
1606 674 1810 716 puerum,

117 730 196 786 qui
233 729 492 772 cubiculum
530 734 695 780 verrat,
735 730 904 773 lectum
942 731 1116 773 sternit.
1153 731 1329 774 Habuit
1361 745 1504 787 nuper
1535 731 1810 787 scrupulum,

117 801 241 857 quod
267 801 475 843 mulieres
502 800 548 842 in
576 800 802 843 ambitum
830 802 989 857 templi
1016 802 1274 851 intrassent,
1321 802 1399 858 qui
1426 816 1530 857 pars
1558 802 1717 858 templi
1745 806 1812 844 est

117 876 162 914 et
187 886 291 914 cum
315 872 487 927 templo
512 876 806 928 computatur
830 877 875 914 et
900 873 1075 915 nullum
1098 874 1237 915 habet
1262 873 1524 928 scrupulum
1548 872 1814 928 compellere

68 956 104 984 10
117 957 172 985 ex
203 942 328 998 pagis
359 942 524 985 nostris
555 942 762 985 mulieres
793 948 838 985 et
870 944 1041 999 puellas
1071 943 1118 986 in
1147 944 1333 986 hortum
1362 948 1570 985 nostrum
1601 944 1661 986 ad
1690 943 1813 986 labo-

116 1014 323 1063 randum,
363 1019 407 1055 et
444 1013 490 1055 in
526 1013 756 1056 cellarium
793 1019 837 1056 et
874 1014 920 1056 in
957 1014 1227 1070 dispensam,
1267 1018 1312 1056 et
1348 1013 1395 1055 in
1431 1014 1574 1056 salam
1610 1013 1814 1056 coenobii

116 1084 497 1134 Monostoriensis‚
542 1099 632 1140 quo
676 1084 834 1127 diebus
876 1085 1205 1127 recreationum
1248 1089 1414 1127 exeunt
1458 1084 1620 1126 fratres
1662 1089 1707 1126 et
1751 1084 1813 1126 ibi

117 1155 241 1198 intus
268 1170 342 1198 eas
368 1156 627 1198 laborantes
654 1155 902 1198 intuentur.
950 1157 1069 1211 Erga
1096 1170 1164 1198 res
1192 1155 1369 1198 divinas
1397 1159 1442 1197 et
1470 1155 1646 1197 cultum
1699 1154 1812 1197 divi-

118 1241 228 1268 num
251 1226 362 1268 nihil
385 1226 566 1269 videtur
589 1226 728 1268 animi
759 1227 924 1269 habere
946 1240 952 1268 :
981 1226 1142 1269 altaria
1166 1230 1272 1268 sunt
1295 1225 1545 1275 seminuda,
1590 1225 1813 1267 fenestrae

70 1308 104 1336 15
119 1302 302 1352 apertae
327 1297 406 1347 ita,
435 1302 488 1339 ut
514 1301 643 1339 erant
670 1301 918 1352 antequam
945 1297 1229 1339 intraremus.
1255 1296 1485 1352 Contingit
1508 1311 1600 1338 non
1622 1310 1737 1347 raro,
1761 1301 1813 1338 ut

119 1373 404 1410 consecratae
447 1367 621 1410 hostiae
665 1382 692 1409 a
735 1372 872 1410 vento
917 1368 1194 1417 auferantur,
1240 1367 1575 1423 campanulam,
1621 1381 1713 1422 qua
1756 1367 1815 1408 ad

118 1439 417 1481 elevationem
460 1438 740 1494 pulsabatur,
786 1438 953 1480 avulsit
997 1453 1024 1480 a
1066 1453 1195 1481 muro
1238 1443 1283 1480 et
1326 1438 1371 1480 in
1414 1452 1547 1480 usum
1590 1437 1814 1480 refectorii

117 1509 433 1552 commutavit.
474 1508 545 1551 Sic
582 1523 637 1551 ex
676 1510 909 1551 Monostor
945 1509 1094 1559 aliam,
1135 1524 1226 1566 qua
1263 1509 1468 1551 similiter
1505 1509 1565 1551 ad
1601 1508 1814 1552 elevatio-

116 1595 220 1623 nem
249 1580 530 1636 pulsabatur,
563 1579 786 1635 asportari
811 1579 940 1622 iussit
963 1585 1008 1622 et
1030 1580 1076 1622 in
1105 1595 1240 1624 usum
1270 1580 1525 1622 scholarum
1556 1579 1782 1622 convertit
1803 1593 1812 1629 ;

68 1664 103 1692 20
117 1656 162 1694 et
181 1651 306 1707 quod
323 1651 450 1707 peius
470 1656 551 1700 est,
574 1650 620 1692 in
639 1650 905 1693 summitate
926 1651 1085 1706 templi
1104 1651 1252 1693 affixit
1274 1665 1281 1693 :
1305 1651 1371 1693 ita
1390 1656 1441 1693 ut
1462 1651 1541 1707 qui
1561 1651 1620 1692 ad
1639 1650 1815 1693 scholas

117 1722 294 1778 pulsare
324 1721 448 1772 velit,
481 1726 670 1778 cogatur
699 1736 875 1777 semper
904 1721 1073 1764 intrare
1104 1723 1340 1778 templum.
1373 1723 1414 1764 A
1444 1735 1548 1765 22-a
1578 1722 1649 1764 die
1709 1721 1814 1776 Sep·
1829 1741 1922 1773 Szept.
1946 1750 1989 1767 η.

117 1792 318 1842 tembris,
354 1808 445 1849 quo
480 1795 528 1835 P.
566 1792 823 1835 Ludovicus
856 1807 883 1835 a
916 1793 1046 1835 nobis
1080 1793 1297 1843 discessit,
1334 1792 1606 1835 monitorem
1640 1792 1815 1834 nullum

116 1864 292 1914 habuit,
328 1864 539 1920 quamvis
573 1863 712 1906 etiam
746 1863 1018 1906 monitiones
1051 1864 1169 1906 illius
1202 1864 1310 1906 boni
1344 1864 1486 1920 patris
1520 1863 1650 1920 parvi
1684 1863 1816 1905 facie-

117 1936 198 1977 bat
215 1949 225 1986 ;
269 1935 657 1991 quemadmodum
698 1934 792 1990 ipse
834 1934 964 1978 vobis
1019 1935 1126 1978 viva
1181 1949 1290 1978 voce
1351 1935 1526 1984 referet,
1572 1935 1608 1976 si
1665 1934 1817 1976 salvus

70 2023 105 2052 25
119 2006 178 2048 ad
209 2020 291 2049 vos
324 2006 592 2061 pervenerit,
629 2006 742 2048 Cum
775 2006 1106 2048 consultoribus
1139 2005 1363 2048 rarissime
1396 2006 1639 2054 consultat,
1676 2019 1816 2061 quan-

119 2077 267 2132 doque
300 2076 346 2118 in
380 2077 557 2119 duobus
590 2076 819 2118 mensibus
852 2076 930 2119 vix
963 2077 1100 2119 semel
1133 2082 1178 2119 et
1212 2083 1321 2119 tunc
1359 2076 1538 2118 nonnisi
1585 2076 1639 2118 de
1686 2076 1818 2117 rebus

119 2147 303 2197 frivolis,
339 2147 395 2190 de
427 2148 496 2189 his
529 2152 697 2196 autem,
752 2162 868 2203 quae
901 2147 947 2189 in
980 2148 1233 2190 maximum
1266 2147 1592 2190 detrimentum
1625 2150 1817 2201 vergunt

119 2218 304 2274 collegii,
353 2223 433 2261 aut
482 2218 775 2274 ignominiam
822 2218 965 2260 totius
1013 2218 1264 2268 Societatis,
1314 2232 1394 2260 nec
1442 2217 1684 2266 consultat,
1734 2229 1815 2258 nec

120 2289 388 2345 cuiusquam
420 2289 626 2331 admittit
660 2289 1031 2331 admonitionem.

71 2380 106 2407 30
235 2360 480 2416 Collegium
509 2360 719 2402 omnibus
746 2359 926 2402 Polonis
947 2360 1122 2402 factum
1143 2364 1211 2402 est
1233 2373 1472 2401 commune
1502 2357 1813 2406 diversorium,

120 2445 233 2488 quos
265 2446 368 2473 cum
400 2431 526 2487 equis
558 2436 603 2473 et
636 2430 818 2473 famulis
849 2430 1007 2479 tribus,
1042 2443 1070 2484 4
1102 2435 1146 2472 et
1180 2440 1203 2483 5
1238 2429 1396 2471 diebus
1426 2429 1498 2471 hic
1531 2429 1611 2471 alit
1643 2429 1813 2484 gratis;

121 2507 166 2544 et
198 2502 322 2558 quod
353 2502 479 2558 peius
511 2507 592 2552 est,
628 2501 811 2558 quosvis
844 2501 953 2543 viles
986 2501 1153 2543 aulicos
1186 2505 1265 2542 aut
1299 2505 1570 2542 mercatores
1602 2499 1648 2541 in
1679 2499 1816 2541 refec-

122 2574 288 2615 torium
321 2573 569 2615 introducit
603 2577 648 2614 et
682 2572 799 2614 inter
831 2576 983 2627 patres
1016 2571 1218 2613 collocat.
1256 2571 1526 2614 Colonorum
1558 2575 1817 2613 nostrorum

121 2644 167 2686 in
211 2644 520 2699 spiritualibus
563 2644 686 2686 nulla
742 2657 849 2684 cura
891 2642 1112 2684 habetur:
1160 2642 1218 2684 ad
1261 2641 1432 2684 vicinos
1476 2646 1660 2684 tantum
1705 2641 1817 2683 duos

74 2735 109 2762 35
122 2729 260 2770 pagos
302 2729 631 2770 nonnunquam
674 2714 832 2763 mittit,
867 2727 1010 2755 unum
1053 2713 1130 2768 qui
1173 2713 1365 2754 celebret
1409 2717 1454 2754 et
1497 2712 1814 2761 concionetur;

123 2790 342 2842 quattuor
362 2785 436 2828 alii
457 2786 561 2841 pagi
582 2785 660 2829 vix
680 2785 726 2826 in
747 2799 866 2827 anno
888 2797 911 2826 2
935 2788 1015 2825 aut
1036 2796 1061 2837 3
1082 2784 1253 2825 habent
1274 2798 1452 2825 sacrum
1473 2788 1518 2825 et
1540 2783 1814 2825 concionem.

124 2858 226 2899 Duo
259 2871 315 2898 ex
348 2857 555 2912 patribus
589 2856 782 2912 Ungaris
816 2854 893 2897 vix
926 2854 989 2896 illi
1023 2854 1253 2896 sufficiunt
1288 2868 1368 2909 pro
1403 2854 1677 2909 interprete;
1713 2853 1818 2895 hinc

124 2927 189 2977 fit,
223 2932 276 2969 ut
297 2927 360 2968 illi
396 2927 550 2970 debito
586 2932 790 2982 tempore
826 2925 1036 2968 destituti
1071 2939 1162 2967 non
1198 2924 1370 2980 possint
1407 2939 1453 2967 se
1489 2925 1548 2966 ad
1583 2924 1819 2966 conciones

126 3011 391 3052 praeparare
423 3003 469 3040 et
501 3013 606 3041 cum
637 2999 805 3040 honore
838 2996 1077 3039 Societatis
1109 3000 1154 3037 et
1187 2995 1342 3051 populi
1374 2995 1682 3037 satisfactione
1715 3008 1818 3036 con-

79 3084 115 3111 40
128 3066 306 3110 cionari.
325 3069 548 3111 Martinus
572 3069 720 3118 Undo,
741 3067 819 3124 qui
843 3066 1015 3122 aliquid
1038 3066 1344 3108 concionando
1369 3071 1549 3121 poterat
1574 3070 1815 3121 praestare,

128 3137 188 3179 ad
219 3139 563 3193 grammaticam
596 3139 832 3195 legendam
866 3138 1075 3180 detrusus
1108 3142 1189 3179 est.
1227 3137 1412 3179 Scholae
1445 3136 1556 3178 nihil
1590 3136 1680 3178 fere
1714 3149 1820 3191 aug-
