2188 3535
128 164 221 208 1576
245 162 369 204 szept.
397 161 459 206 13]
889 161 964 195 No.
1000 170 1044 205 14
1771 171 1819 206 47

124 278 392 323 catholicam
409 278 562 334 palam
580 291 732 321 coram
749 277 959 320 omnibus
976 278 1114 321 verbo
1132 283 1176 321 et
1194 292 1328 335 opere
1345 278 1558 334 profiteri,
1579 278 1818 322 defendere

125 354 282 393 contra
304 348 499 405 perfidos
521 348 772 391 haereticos
795 353 841 390 et
865 363 1113 405 propagare
1136 348 1183 391 in
1206 348 1450 405 provinciis
1473 349 1564 391 tuis
1588 349 1814 399 subiectis,

124 422 245 463 Deus
262 433 442 476 quoque
459 433 646 475 regnum
668 424 800 461 tuum
831 420 1116 462 confirmabit
1136 425 1180 462 et
1197 420 1351 462 mittet
1367 420 1560 476 Angelos
1575 425 1621 463 et
1636 425 1818 463 sanctos

125 504 228 533 suos
251 489 296 532 in
321 489 539 533 auxilium
565 489 663 539 tibi,
691 489 770 545 qui
794 503 945 532 coram
970 495 1016 533 te
1040 505 1195 533 omnes
1219 490 1541 540 schismaticos,
1567 491 1818 534 haereticos

75 573 91 600 5
122 566 167 604 et
197 559 400 603 inimicos
430 560 638 603 veritatis
667 560 973 603 humiliabunt
1005 565 1050 604 et
1082 566 1331 604 conterent.
1366 563 1501 611 Deus,
1534 566 1587 603 ut
1618 561 1820 604 breviter

122 631 282 680 dicam,
317 630 538 687 pugnabit
571 645 653 686 pro
686 636 731 674 te
764 635 809 674 et
842 635 894 673 tu
927 631 1099 674 tacebis
1130 637 1175 674 et
1208 646 1389 675 securus
1421 632 1518 675 eris.
1575 632 1819 676 Considera

122 716 272 745 secure
295 715 450 745 omnes
474 701 678 744 omnium
702 701 942 744 nationum
966 702 1203 758 principes,
1238 716 1361 758 reges
1385 708 1429 745 et
1454 703 1748 759 imperatores
1771 708 1817 745 et

122 787 212 815 non
232 772 433 815 invenies
454 786 732 829 quemquam
763 772 1043 815 defensorem
1075 773 1325 816 catholicae
1345 773 1449 816 fidei
1471 787 1497 816 a
1518 774 1614 816 Deo
1635 773 1816 816 derelic-

120 848 233 893 tum,
267 843 346 885 sed
367 843 519 899 potius
541 843 811 886 exaltatum.
837 843 1008 899 Impios
1030 848 1184 886 autem
1214 849 1463 900 apostatas,
1494 844 1743 887 haereticos
1773 849 1818 887 et

73 926 107 954 ιο
119 928 339 957 novarum
355 919 583 957 sectarum
605 914 861 957 defensores
876 913 1176 956 infelicissime
1196 928 1416 970 regnasse,
1434 914 1656 957 infelicius
1673 915 1818 957 vitam

118 984 327 1027 finivisse.
356 986 538 1027 Possem
555 985 792 1041 ecquidem
809 985 856 1027 id
870 984 1026 1027 multis
1048 985 1264 1041 exemplis
1288 985 1538 1037 ostendere,
1569 986 1648 1027 sed
1672 985 1817 1028 brevi-

121 1055 230 1098 tatis
242 1069 379 1098 causa
391 1055 587 1098 sufficiat
604 1056 694 1098 duo
707 1060 890 1098 tantum
907 1055 1161 1098 adduxisse.
1183 1057 1281 1098 Rex
1298 1055 1542 1098 Bohemiae
1553 1058 1588 1083 1⁹
1607 1069 1710 1097 cum
1727 1058 1818 1099 fac-

118 1131 192 1168 tus
209 1131 324 1168 esset
349 1126 602 1169 haereticus
619 1131 664 1168 et
681 1126 1070 1169 schismaticorum
1096 1125 1303 1168 defensor
1327 1126 1448 1168 intra
1473 1126 1609 1168 breve
1634 1130 1815 1181 tempus

120 1201 164 1239 et
182 1196 326 1240 vitam
346 1202 390 1239 et
406 1211 593 1253 regnum
612 1197 806 1253 turpiter
821 1197 984 1240 amisit.
1004 1198 1065 1239 At
1083 1211 1189 1239 vero
1205 1200 1358 1239 noster
1373 1196 1570 1239 Mathias
1593 1209 1684 1245 rex,
1710 1197 1818 1252 quia

73 1283 105 1310 15
120 1281 295 1323 semper
322 1267 554 1323 pietatem,
579 1268 717 1310 fidem
737 1272 782 1309 et
798 1267 1057 1323 religionem
1077 1267 1346 1310 catholicam
1377 1266 1514 1309 coluit
1536 1271 1583 1309 et
1602 1267 1815 1310 acerrime

120 1338 338 1387 defendit,
361 1339 618 1382 felicissime
642 1343 742 1381 tota
764 1338 862 1380 vita
891 1352 974 1381 sua
1006 1352 1195 1395 regnum
1225 1337 1581 1387 administravit,
1616 1337 1818 1393 adeoque

122 1409 381 1451 fortunatus
420 1408 723 1465 ingrediendis
762 1408 889 1451 bellis
929 1408 1029 1458 fuit,
1072 1413 1123 1450 ut
1164 1408 1297 1451 simul
1337 1422 1444 1451 cum
1483 1408 1733 1451 Turcarum
1773 1413 1818 1450 et

123 1479 469 1522 christianorum
529 1479 801 1535 imperatore
846 1484 891 1521 et
938 1494 1040 1521 curn
1093 1479 1357 1522 latrunculis
1402 1478 1614 1521 Bohemis
1659 1479 1821 1534 exigua

121 1564 257 1592 manu
276 1550 484 1605 congredi
504 1565 594 1592 non
615 1549 845 1592 dubitaret
868 1554 913 1592 et
937 1550 991 1592 de
1015 1550 1224 1592 omnibus
1243 1550 1479 1605 magnifice
1499 1549 1816 1605 triumpharet.

75 1621 238 1663 20Nam
262 1620 581 1676 imperatorem
607 1621 855 1663 Turcarum
878 1620 1318 1676 Constantinopolim
1356 1634 1501 1677 usque
1542 1621 1819 1663 retrocedere

121 1691 278 1748 coegit,
325 1691 602 1734 Fridericum
646 1691 965 1747 imperatorem
983 1693 1019 1718 2⁰
1049 1691 1224 1734 Vienna
1255 1691 1402 1747 exegit
1434 1696 1478 1733 et
1512 1696 1663 1734 totam
1706 1705 1819 1747 pene

122 1762 352 1805 Austriam
379 1762 620 1818 occupavit
649 1767 707 1811 et,
738 1762 822 1804 nisi
850 1763 1067 1805 Summus
1094 1762 1301 1818 pontifex
1332 1762 1419 1817 (cui
1447 1767 1543 1805 erat
1572 1763 1820 1818 obsequen-

126 1832 323 1875 tissimus
359 1838 512 1875 noster
548 1833 745 1876 Mathias
784 1832 1020 1888 Corvinus)
1061 1847 1220 1888 pacem
1257 1833 1375 1875 inter
1411 1847 1486 1875 eos
1522 1832 1818 1881 conciliasset,

130 1903 256 1946 facile
278 1918 381 1946 eum
403 1909 447 1946 et
470 1903 568 1946 vita
600 1909 644 1946 et
667 1904 855 1960 imperio
877 1903 1100 1959 privasset
1118 1918 1127 1954 ;
1165 1904 1431 1946 Bohemiam
1455 1909 1642 1960 accepta
1663 1918 1690 1946 a
1710 1918 1819 1959 pon-

75 1973 238 2016 25tifice
267 1974 449 2017 licentia
478 1975 771 2030 expugnavit,
804 1979 849 2017 et
880 1974 1119 2017 interfecto
1150 1989 1251 2030 rege
1281 1974 1377 2017 eius
1402 1974 1646 2024 haeretico,
1672 1979 1818 2016 totam

120 2043 240 2087 illam
279 2045 559 2101 provinciam
599 2060 789 2088 coronae
830 2045 1092 2101 Hungariae
1133 2045 1310 2088 adiecit.

240 2116 434 2171 Quaeret
463 2131 489 2159 a
515 2131 587 2158 me
613 2117 712 2159 Tua
738 2116 951 2159 Maiestas
978 2116 1098 2158 unde
1126 2116 1230 2158 huic
1258 2115 1437 2158 homini
1464 2120 1597 2158 tanta
1624 2115 1817 2157 facilitas

121 2186 343 2229 acciderit.
374 2186 492 2242 Quia
506 2187 671 2243 spoliis,
690 2201 806 2243 quae
822 2201 877 2229 ex
894 2187 1102 2229 hostibus
1121 2187 1405 2242 reportabat,
1428 2186 1610 2229 dicabat
1630 2186 1813 2240 templa,

121 2256 316 2312 erigebat
366 2257 586 2307 ecclesias,
638 2258 863 2300 fundabat
913 2257 1142 2306 coenobia,
1194 2256 1536 2311 multiplicabat
1588 2255 1818 2297 ministros

76 2342 110 2370 30
121 2327 327 2371 ecclesiae
347 2327 394 2370 in
413 2342 549 2384 regno
565 2343 659 2377 suo,
678 2328 756 2384 qui
773 2328 844 2370 die
864 2333 1093 2383 noctuque
1115 2341 1266 2382 preces
1286 2327 1331 2367 in
1355 2328 1503 2368 Deum
1525 2326 1712 2367 fundere
1734 2340 1814 2381 pro

121 2411 165 2439 se
184 2402 228 2440 et
249 2399 415 2454 populo
436 2413 517 2441 suo
537 2413 627 2441 non
648 2403 885 2441 cessarent.
909 2400 1085 2440 Extant
1105 2397 1151 2439 in
1170 2397 1445 2439 hodiernum
1465 2410 1607 2452 usque
1628 2396 1747 2438 diem
1767 2396 1813 2438 in

124 2469 305 2512 ecclesia
333 2469 582 2512 cathedrali
610 2469 865 2525 Tyrnaviae
895 2483 1006 2511 vasa
1035 2482 1170 2510 aurea
1199 2472 1243 2509 et
1274 2472 1422 2509 vestes
1451 2481 1602 2509 sacrae
1631 2466 1813 2509 inaesti-

122 2539 297 2582 mabilis
321 2540 483 2595 praetii
509 2540 568 2582 ad
592 2539 797 2582 divinum
823 2539 997 2581 cultum
1022 2537 1216 2580 ecclesiis
1241 2538 1299 2580 ab
1323 2552 1374 2580 eo
1398 2538 1580 2580 donata.
1600 2539 1732 2580 Hanc
1756 2538 1814 2579 ob

124 2622 303 2652 causam
331 2611 454 2653 Deus
480 2611 716 2666 pugnabat
744 2624 824 2665 pro
852 2624 917 2658 eo,
968 2614 1183 2651 terrorem
1210 2608 1460 2650 incutiebat
1487 2607 1694 2650 hostibus
1721 2608 1815 2650 eius

78 2696 112 2724 35
124 2684 168 2720 et
194 2680 338 2723 solum
363 2695 529 2723 nomen
555 2681 649 2723 eius
677 2680 959 2723 formidabile
985 2679 1203 2722 reddebat
1231 2678 1498 2721 adversariis
1523 2678 1675 2735 ipsius.
1706 2678 1811 2720 Fuit

123 2749 192 2792 hic
209 2750 278 2793 vir
294 2756 465 2801 tantus,
485 2751 563 2808 qui
581 2752 635 2794 de
651 2752 739 2794 fide
756 2765 859 2793 cum
876 2749 1036 2793 Attilio
1055 2750 1240 2805 Regulo,
1260 2764 1362 2792 cum
1380 2750 1524 2792 Bruto
1548 2754 1593 2792 et
1611 2750 1646 2792 F
1650 2748 1814 2792 abritio

124 2819 177 2861 de
208 2820 395 2871 iustitia,
443 2822 498 2865 de
520 2822 759 2865 maiestate
791 2836 894 2864 curn
930 2821 1070 2863 Paulo
1108 2820 1312 2869 Aemilio,
1349 2820 1404 2863 de
1438 2820 1677 2863 clementia
1710 2834 1812 2861 cum

126 2889 315 2942 Metello,
349 2892 403 2934 de
433 2907 479 2935 re
509 2893 693 2935 militari
724 2907 827 2934 cum
858 2893 1012 2934 Gnaeo
1044 2891 1271 2946 Pompeio,
1305 2891 1505 2940 Caesare,
1540 2890 1810 2938 Hannibale,

126 2960 308 3015 Pyrrho,
347 2977 451 3005 cum
490 2963 773 3019 Scipionibus
811 2968 855 3005 et
894 2961 1080 3005 tandem
1118 2975 1220 3004 cum
1258 2961 1381 3004 omni
1419 2961 1709 3017 antiquitate,
1748 2960 1814 3002 ita

79 3068 114 3095 40
249 3061 279 3082 ¹⁹
307 3062 531 3097 Podiebrad
559 3063 722 3109 Gyorgy
750 3064 842 3097 cseh
871 3062 1011 3106 kiraly.

249 3119 280 3141 ²⁰
308 3120 385 3156 III.
417 3121 579 3168 Frigyes
608 3123 744 3157 nemet
772 3121 940 3163 csaszar,
970 3120 1133 3167 Matyas
1161 3120 1291 3167 kiraly
1320 3120 1516 3156 kortarsa.
