2188 3535
94 254 191 297 1580
218 250 300 295 jan,
335 250 375 293 2]
865 248 939 282 N0.
977 251 1025 285 28
1740 253 1789 295 83

90 383 170 425 pro
207 367 492 424 aliquantula
513 372 776 409 nostrorum
815 381 841 409 a
879 367 1155 423 quotidianis
1192 367 1422 410 laboribus
1458 367 1791 424 respiratione:

90 452 245 481 sumus
269 438 389 480 enim
420 452 511 480 non
537 438 583 479 in
610 451 702 479 uno
729 438 968 480 Societatis
995 439 1092 481 loco
1119 439 1294 494 experti
1321 443 1496 495 quanto
1516 438 1681 481 referat
1704 454 1786 494 pro

90 515 351 552 nostrorum
373 508 634 551 valetudine
665 509 988 558 conservanda,
1019 523 1076 551 ne
1106 510 1222 551 desit
1252 509 1337 552 illis
1365 510 1489 551 100115
1519 514 1703 565 apertus
1733 525 1785 552 ac

91 580 183 623 aeri
219 579 465 636 expositus.
498 580 744 635 Propterea
778 579 1142 635 prospiciendum
1164 580 1360 631 videtur,
1390 594 1446 622 ne
1478 594 1581 622 area
1612 580 1703 631 illa,
1740 581 1789 622 in

46 661 64 689 5
92 665 183 707 qua
217 656 324 693 sunt
359 650 667 693 aedificandae
703 650 895 699 scholae,
933 650 992 692 ad
1025 651 1187 693 nimias
1221 651 1307 693 loci
1341 651 1574 706 angustias
1608 656 1787 694 nostros

93 721 304 771 deducat,
341 735 397 763 ex
433 735 486 763 ea
521 720 787 777 praesertim
823 726 966 776 parte,
1004 721 1050 763 in
1086 736 1177 777 qua
1212 722 1513 771 refectorium,
1559 722 1709 764 culina
1740 726 1788 764 et

93 792 336 848 praecipua
364 791 675 834 cubiculorum
705 805 756 834 ac
785 792 1173 847 hypocaustorum
1202 807 1306 848 pars
1335 806 1428 835 esse
1458 792 1605 835 debet.
1640 794 1790 848 Expe-

94 863 210 905 diret
232 862 371 905 etiam
393 863 556 905 classes
579 862 729 904 extrui
751 863 926 918 amplas
948 863 1007 904 ad
1034 863 1227 905 foetores
1254 863 1482 913 vitandos,
1513 863 1591 919 qui
1622 878 1677 906 ex
1703 863 1790 906 loci

95 934 405 976 contractione
430 933 572 975 nimia
599 938 644 975 et
671 933 943 975 scholarium
969 934 1263 976 multitudine
1290 934 1451 976 exoriri
1478 934 1636 976 solent.

51 1015 84 1042 10
210 1005 239 1047 I
241 1005 465 1060 uspiciarzt
482 1006 630 1047 omnia
646 1009 790 1059 patres
807 1018 897 1046 urza
914 1018 1012 1046 cum
1027 1005 1263 1053 architecto,
1285 1019 1410 1060 quem
1425 1019 1569 1046 secum
1585 1005 1792 1047 Claudio-

96 1076 234 1131 polim
257 1076 472 1118 abducant
497 1080 533 1117 et
557 1090 606 1117 ex
631 1077 724 1118 eius
750 1075 931 1117 consilio
950 1077 1114 1126 omnia,
1132 1089 1214 1131 quo
1238 1077 1393 1118 rectius
1416 1075 1514 1127 fieri
1535 1077 1689 1130 poterit
1711 1079 1791 1130 pro

97 1147 391 1189 commoditate
419 1151 596 1201 patrum
623 1151 825 1188 curentur
853 1151 889 1187 et
917 1147 1064 1188 statim
1090 1147 1381 1201 designentur.

214 1227 254 1271 5.
288 1218 453 1259 Aream
480 1216 619 1258 etiam
646 1216 901 1258 scholarum
928 1217 1127 1272 amplam
1153 1230 1247 1259 esse
1273 1216 1520 1272 expediret,
1548 1230 1603 1258 ne
1629 1221 1795 1258 mutuo

99 1301 193 1329 sese
221 1287 444 1330 scholares
473 1287 792 1343 comprimant,
825 1286 872 1327 in
903 1301 994 1342 qua
1033 1287 1222 1342 possint,
1253 1286 1436 1342 quando
1467 1300 1494 1328 a
1524 1286 1796 1328 lectionibus

53 1363 281 1408 15vacant,
305 1358 465 1399 audita
486 1362 688 1413 repetere
718 1362 763 1399 et
794 1371 978 1399 suorum
1007 1362 1352 1413 praeceptorum
1381 1370 1521 1413 pensa
1550 1357 1800 1399 memoriae

99 1429 329 1477 mandare,
352 1428 583 1470 interdum
604 1428 744 1470 etiam
766 1442 811 1469 se
832 1442 1029 1470 recreare
1051 1433 1109 1478 et,
1131 1433 1184 1469 ut
1206 1428 1388 1484 quando
1409 1432 1515 1470 sunt
1537 1428 1799 1470 comoediae

99 1499 349 1549 habendae,
383 1499 508 1541 locus
537 1499 595 1540 sit
618 1512 787 1554 capax;
822 1499 1076 1541 scholarum
1109 1504 1264 1541 autem
1296 1513 1461 1549 aream,
1485 1513 1512 1540 a
1540 1503 1799 1540 nostrorum

100 1584 204 1612 area
228 1569 493 1612 distinctam
517 1584 614 1611 esse
639 1574 868 1625 oporteret
892 1575 1078 1625 propter
1100 1569 1222 1625 ligna
1245 1574 1291 1612 et
1315 1570 1442 1612 varia
1465 1569 1553 1612 alia
1577 1569 1799 1612 eiusmodi

100 1645 359 1683 nostrorum
385 1641 542 1683 usibus
582 1640 740 1682 futura
780 1640 1041 1683 necessaria.

75 1723 91 1749 ι’)
216 1712 377 1754 Probat
403 1712 551 1754 omnia
578 1712 702 1753 Ill'm‘s
726 1713 948 1767 princeps,
979 1713 1100 1754 modo
1147 1712 1232 1755 loci
1278 1713 1508 1767 augustiae
1553 1712 1798 1766 patiantur,

219 1783 353 1825 Forte
383 1782 430 1824 in
460 1782 649 1824 civitate
681 1787 867 1838 propter
896 1782 1155 1831 catholicos,
1189 1783 1266 1839 qui
1296 1782 1359 1824 ibi
1389 1787 1495 1824 sunt
1525 1787 1571 1824 et
1602 1796 1797 1838 quorum

103 1867 340 1896 numerum
370 1854 587 1909 temporis
615 1867 822 1896 successu
851 1853 1109 1908 augendum
1146 1854 1266 1896 bona
1302 1867 1402 1908 spes
1439 1858 1520 1902 est,
1559 1867 1673 1909 opus
1711 1853 1796 1894 erit

105 1924 255 1980 aliquo
276 1924 509 1966 sacerdote
531 1924 762 1974 saeculari,
786 1924 864 1980 qui
885 1924 1139 1966 animarum
1160 1938 1315 1966 curam
1335 1929 1460 1979 gerat
1482 1929 1526 1966 et
1548 1923 1800 1966 necessaria

105 1999 389 2037 sacramenta
421 1995 513 2037 ritu
547 1996 770 2037 catholico
805 1994 890 2036 illis
923 1995 1162 2044 ministret,
1199 1995 1382 2050 quando
1416 1994 1461 2036 in
1495 1994 1682 2036 civitate
1716 2008 1798 2036 nec

61 2065 321 2122 25baptismi
360 2070 600 2122 tantopere
641 2066 878 2108 necessarii
917 2070 1251 2107 sacramentum
1291 2065 1536 2107 ministrari
1575 2065 1798 2107 Videmus.

221 2137 512 2180 Observabant
537 2139 588 2180 in
612 2137 688 2179 lzoc
714 2139 845 2179 etiam
869 2139 979 2179 ritus
1006 2142 1042 2178 et
1068 2137 1397 2179 consuetudines
1422 2150 1539 2178 suas.

223 2208 261 2250 6.
296 2207 342 2250 Si
377 2208 561 2250 omnino
596 2208 865 2250 iudicaverit
911 2208 1030 2250 Illmus
1063 2207 1270 2262 princeps
1314 2207 1537 2261 expedire,
1586 2210 1638 2247 ut
1686 2205 1801 2247 mul-

107 2283 259 2321 torum
279 2279 500 2321 nobilium
522 2279 617 2329 filii,
645 2293 737 2321 non
759 2283 942 2321 tantum
965 2278 1050 2320 sub
1072 2278 1319 2333 disciplina,
1350 2277 1428 2319 sed
1455 2277 1593 2319 etiarn
1620 2276 1666 2318 in
1698 2290 1803 2318 con-

109 2349 234 2391 victu
261 2354 416 2392 nostro
444 2350 550 2399 sint,
581 2350 697 2392 sicut
726 2364 817 2392 non
845 2364 938 2392 esse
967 2349 1102 2391 moris
1130 2349 1175 2390 in
1205 2348 1442 2397 Societate,
1472 2352 1524 2389 ut
1553 2347 1666 2389 tales
1698 2361 1801 2388 cum

66 2420 274 2462 30nostris
300 2420 347 2462 in
374 2421 570 2476 collegiis
597 2421 822 2470 habitent,
853 2435 956 2462 cum
983 2420 1113 2475 longe
1135 2420 1222 2461 alia
1244 2419 1302 2461 sit
1326 2419 1480 2460 futura
1501 2417 1803 2460 institutionis

110 2495 368 2533 nostrorum
392 2492 524 2541 ratio,
552 2492 611 2534 ab
637 2492 816 2534 illorum
841 2505 1042 2539 numero,
1071 2490 1149 2532 sed
1174 2490 1360 2531 domum
1386 2503 1413 2531 a
1437 2493 1593 2530 nostra
1618 2487 1803 2530 seorsim

110 2561 310 2603 habeant
332 2568 528 2618 oportet,
552 2563 598 2604 in
620 2577 712 2619 qua
733 2563 792 2604 ab
813 2562 987 2618 aliquot
1009 2576 1064 2603 ex
1084 2561 1264 2610 nostris,
1288 2560 1366 2616 qui
1385 2559 1489 2601 huic
1510 2559 1685 2601 muneri
1707 2558 1804 2614 apti

112 2631 448 2683 iudicabuntur,
470 2634 649 2676 illorum
673 2648 780 2676 cura
801 2633 1083 2688 suscipiatur,
1105 2645 1221 2688 quae
1240 2631 1401 2673 domus
1420 2630 1529 2672 dum
1549 2629 1802 2685 parabitur,

114 2707 328 2757 poterunt
366 2704 534 2746 civium
573 2704 783 2760 hospitiis
827 2717 920 2746 esse
952 2702 1169 2751 contenti,
1205 2701 1321 2744 sicut
1352 2702 1404 2743 fit
1435 2701 1481 2742 in
1511 2700 1648 2743 variis
1677 2700 1802 2749 locis,

70 2773 192 2815 35ubi
221 2780 479 2817 nostrorum
510 2775 697 2830 collegia
727 2775 968 2823 habentur,
1001 2786 1282 2828 magnusque
1307 2776 1375 2814 est
1401 2771 1672 2814 scholarium
1697 2785 1803 2813 con-

115 2857 282 2894 cursus,
315 2845 426 2887 nulli
459 2851 613 2888 autem
646 2846 792 2888 solent
825 2859 917 2887 esse
950 2844 1243 2886 convictores.

229 2916 405 2972 Accipit
445 2917 568 2958 Illm¹⁴s
595 2918 800 2972 princeps
843 2916 1158 2958 excusationem
1198 2918 1374 2969 patrum
1401 2914 1450 2955 de
1479 2914 1803 2960 convictoribus,

119 2986 222 3040 quia
246 2992 390 3030 autem
412 2993 469 3030 tot
493 2989 627 3030 simul
651 2992 803 3043 operae
826 2988 923 3039 fieri
946 3000 1033 3028 uon
1057 2989 1250 3040 possunt,
1278 2989 1476 3039 poterunt
1500 2985 1686 3026 studiosi
1710 2988 1806 3024 tan-

117 3056 250 3111 tisper
280 3059 443 3100 civium
473 3059 678 3114 hospitiis
709 3059 787 3106 uti,
822 3059 928 3099 dum
958 3057 1045 3098 alio
1078 3055 1356 3098 commodiori
1385 3059 1570 3110 tempore
1601 3055 1651 3095 de
1681 3054 1808 3095 domo

74 3134 108 3160 ⁴0
120 3127 270 3182 aliqua
300 3130 515 3184 peculiari
545 3130 607 3171 eis
637 3129 939 3184 prospicietur.

235 3211 274 3254 7.
322 3199 441 3241 Illmus
492 3199 699 3255 princeps
757 3213 784 3241 a
819 3197 1005 3254 plicavit
1064 3201 1320 3238 nostrorum
1372 3195 1526 3238 usibus
1572 3193 1808 3237 abbatiam

1623 3283 1667 3318 C*

57 1723 73 1750 10
