2188 3535
0 179 2 233 ξ
129 194 218 230 1575
252 185 393 221 marcz.
429 190 493 234 27]
907 197 981 233 No.
1017 212 1039 245 9
1775 225 1820 261 19

0 243 3 261 5

0 318 2 342 μ
242 302 342 345 Etsi
361 306 606 359 permulta,
625 313 677 350 ut
701 310 814 354 solet
832 314 927 356 fieri
945 314 991 358 in
1009 319 1200 372 publicis
1220 322 1367 373 rebus,
1389 324 1621 384 hucusque
1642 331 1814 375 accide-

0 354 1 359 ¹
112 376 230 420 runt,
266 387 382 428 quae
414 389 506 418 non
544 377 698 421 minus
731 382 988 436 honestum,
1024 403 1164 444 quam
1197 392 1324 447 pium
1357 401 1573 442 conatum
1605 406 1814 447 nostrum

110 440 304 496 erigendi
327 444 498 500 collegii
523 448 702 492 ordinis
728 453 880 503 vestri,
908 457 1035 499 cuius
1059 474 1196 515 opera
1220 477 1354 506 verus
1378 467 1462 508 Dei
1486 469 1649 520 cultus,
1676 474 1812 516 eccle-

110 510 198 553 siae
223 512 335 555 ritus
359 518 405 556 et
430 516 578 560 bonae
610 524 732 563 artes
757 525 973 580 temporis
997 528 1162 574 iniuria
1186 533 1255 575 his
1280 534 1325 576 in
1350 535 1457 579 locis
1481 544 1812 597 propemodum

0 604 1 612 1
63 592 82 619 5
109 581 333 626 extinctae
400 588 630 631 traderent
642 605 709 641 ur,
778 608 1127 655 progressusque
1182 607 1398 660 temporis
1450 610 1807 665 restituerentur,

0 647 1 653 ’
106 653 406 705 retardarunt,
448 671 538 700 non
560 664 609 702 ta
620 676 726 704 men
747 664 1000 722 quidquam
1022 670 1076 712 de
1098 673 1337 717 voluntate
1360 684 1515 722 nostra
1536 681 1582 724 in
1603 689 1808 729 vestrum

104 721 483 777 religiosissimum
517 730 728 775 ordinem
763 736 1016 781 remisimus
1035 753 1045 790 ς
1081 741 1172 785 11110
1208 744 1318 787 nihil
1354 748 1467 791 adeo
1501 755 1806 808 expetendum

102 796 329 847 putamus,
366 811 505 852 quam
540 800 725 846 felicem
759 805 933 851 exitum
967 814 1012 851 et
1048 812 1233 867 quidem
1268 816 1395 860 brevi
1429 819 1629 866 instituti
1663 827 1806 868 nostri

101 861 263 906 videre.
302 866 534 912 Credimus
574 886 657 914 vos
694 889 874 932 quoque
909 878 955 921 in
991 882 1150 926 eadem
1185 888 1413 931 sententia
1447 904 1626 949 semper
1658 910 1804 951 perse-

59 942 275 977 10verasse
313 941 452 993 atque
490 941 636 985 etiam
676 959 796 987 nunc
834 962 1132 1003 perseverare,
1174 969 1336 1012 nempe
1375 960 1453 1015 qui
1493 963 1680 1017 gloriam
1719 967 1803 1009 Dei

0 985 1 995 ¹
98 1002 329 1059 imprimis,
362 1012 461 1052 tum
490 1011 711 1056 honestas
740 1016 1035 1077 liberalesque
1065 1023 1323 1081 disciplinas
1352 1043 1433 1084 per
1462 1036 1616 1076 totum
1646 1036 1801 1080 orbem

96 1076 453 1128 proseminatum
481 1081 534 1123 iri
564 1082 798 1140 impendio
827 1090 970 1145 magis
999 1093 1205 1149 cupiatis,
1239 1097 1293 1138 de
1321 1098 1420 1142 loco
1450 1107 1605 1146 autem
1634 1104 1796 1149 idoneo

95 1143 185 1194 diu,
211 1147 498 1206 multumque
523 1154 838 1209 cogitavimus.
866 1161 1035 1205 Verum
1058 1163 1104 1206 in
1127 1165 1213 1207 1100
1237 1181 1373 1223 regno
1398 1185 1544 1227 neque
1568 1176 1795 1219 amoenio-

93 1227 201 1264 rem,
231 1231 376 1274 neque
405 1225 757 1269 commodiorem
785 1228 874 1272 isto
903 1232 1100 1284 Albensi,
1132 1250 1222 1292 quo
1251 1238 1390 1282 etiam
1419 1256 1499 1284 nos
1527 1245 1789 1297 residemus,

0 1308 2 1327 2
48 1285 349 1340 15reperimus.
385 1291 488 1334 Non
520 1293 614 1337 sine
646 1309 784 1340 caua
817 1313 937 1350 sane,
972 1303 1111 1347 etiam
1143 1307 1321 1364 antiqui
1354 1311 1614 1368 Hungariae
1646 1331 1785 1372 reges,

0 1355 1 1366 ¹
91 1353 198 1397 viris
222 1358 437 1414 religiosis
461 1363 580 1406 hunc
604 1365 754 1409 locum
780 1369 1049 1426 delegerant.
1085 1376 1234 1431 Quam
1259 1380 1317 1421 ob
1341 1395 1437 1424 rem
1462 1397 1566 1427 cum
1590 1387 1674 1429 hoc
1700 1388 1786 1431 loci

89 1426 378 1473 seminarium
424 1432 623 1487 pietatis,
674 1438 1026 1499 politiorumque
1074 1445 1308 1492 literarum
1355 1451 1693 1500 instituendum
1742 1458 1790 1501 in

88 1495 238 1539 animo
285 1500 549 1553 habeamus
588 1507 640 1548 V.
681 1507 778 1549 Ptem
824 1511 1060 1567 diligenter
1107 1523 1314 1573 rogatam
1352 1523 1576 1576 volumus,
1614 1533 1666 1569 ut
1703 1544 1785 1585 pro

87 1579 168 1608 suo
193 1567 240 1610 in
267 1571 502 1616 ecclesiam
530 1577 802 1622 catholicam
829 1583 937 1633 zelo,
967 1599 1057 1640 quo
1079 1586 1299 1644 imprimis
1321 1593 1514 1645 ducitur,
1546 1597 1783 1643 duodecim

0 1643 3 1682 ι
42 1636 295 1690 20Jesuitas,
349 1641 468 1685 inter
506 1660 621 1701 quos
658 1649 749 1691 duo
786 1657 866 1693 aut
903 1654 1043 1698 etiam
1080 1661 1171 1700 tres
1207 1660 1311 1711 sint,
1351 1665 1429 1719 qui
1466 1667 1648 1724 reliquis
1685 1675 1783 1714 tam

83 1708 318 1761 gravitate,
365 1727 505 1769 quam
553 1718 804 1763 eruditione
848 1730 1094 1778 praestent,
1141 1730 1323 1775 mittere
1368 1735 1491 1779 velit.
1547 1740 1680 1795 Quod
1722 1743 1782 1784 ad

83 1776 354 1831 alimoniam,
375 1784 579 1842 aliosque
596 1803 704 1831 usus
723 1790 924 1847 ipsorum
947 1797 1129 1849 attinet,
1156 1800 1222 1843 ita
1245 1816 1272 1844 a
1295 1805 1426 1848 nobis
1450 1809 1777 1863 providebitur,

81 1851 132 1889 ut
157 1849 267 1893 nihil
294 1852 356 1895 eis
384 1854 442 1897 sit
470 1857 752 1911 defuturum,
782 1863 893 1919 quin
920 1866 1060 1911 etiam
1088 1871 1166 1912 ubi
1187 1873 1470 1927 advenerint,
1493 1879 1652 1923 habito
1674 1896 1777 1925 cum

80 1916 185 1973 ipsis
209 1921 263 1963 de
287 1923 357 1966 his
381 1926 515 1969 rebus
543 1930 780 1987 colloquio,
807 1935 970 1990 plures,
997 1938 1034 1980 si
1058 1939 1124 1982 ita
1148 1941 1256 1998 ipsis
1280 1945 1522 1999 videbitur,
1550 1965 1775 1995 accersen-

35 1988 159 2031 25dos
179 1994 451 2039 curabimus.
485 1999 636 2055 Quare
659 2002 695 2043 si
717 2003 802 2046 hoc
825 2011 1032 2052 nostrum
1055 2012 1290 2058 consilium
1312 2017 1364 2059 V.
1398 2013 1459 2060 Pti
1491 2023 1771 2076 probabitur,

78 2064 277 2106 vestrum
300 2065 384 2107 erit
409 2081 515 2112 cum
540 2070 595 2112 de
619 2073 858 2118 voluntate
882 2083 1047 2130 vestra,
1075 2086 1175 2126 tum
1199 2084 1254 2126 de
1278 2090 1494 2144 tempore,
1513 2106 1603 2147 quo
1621 2092 1769 2135 isthuc

76 2131 288 2176 nuncium
318 2142 527 2182 nostrum
558 2155 662 2185 cum
692 2146 951 2202 sumptibus
980 2153 1286 2207 expediamus,
1319 2161 1657 2216 quamprimum
1687 2179 1769 2206 nos

76 2201 280 2246 certiores
306 2205 464 2252 facere.
496 2211 655 2268 Neque
681 2215 801 2259 enim
827 2217 873 2259 in
899 2223 1032 2263 tanta
1057 2236 1103 2264 re
1128 2228 1582 2279 procrastinationem
1608 2235 1768 2278 utilem

75 2283 165 2314 esse
188 2272 453 2321 iudicamus.
484 2281 540 2323 Id
565 2283 750 2338 quidem
775 2289 1044 2333 confidimus
1069 2297 1113 2334 et
1140 2308 1319 2339 summo
1343 2301 1548 2354 pontifici
1572 2304 1770 2358 gratissi-

29 2348 196 2386 3011111111
235 2344 341 2397 fore,
384 2364 524 2405 quem
566 2367 648 2395 nos
687 2355 828 2399 literis
869 2359 1033 2403 devote
1073 2377 1297 2419 rogamuS,
1341 2374 1393 2410 ut
1434 2373 1770 2429 suffraganeum

73 2411 314 2468 Ungarum,
338 2433 419 2474 per
439 2434 525 2463 nos
549 2424 874 2477 nominatum,1
906 2431 1059 2487 aliquo
1092 2434 1230 2478 titulo
1263 2443 1392 2481 ornet
1409 2453 1418 2490 ;
1455 2446 1555 2485 tum
1588 2459 1769 2502 quoque

71 2480 312 2538 diplomate
342 2502 421 2531 seu
452 2492 579 2535 bulla
610 2496 908 2542 candidatum
938 2503 1187 2554 confirmet,
1218 2506 1373 2551 literas
1402 2516 1582 2555 nostras
1613 2517 1768 2558 Pater-

69 2551 185 2596 nitas
214 2556 298 2607 Vm,
346 2559 440 2603 eius
481 2563 728 2608 Sanctitati
759 2569 1048 2623 perferendas
1078 2574 1234 2629 primis
1265 2581 1445 2623 nunciis
1476 2585 1766 2638 committet;

68 2620 103 2663 si
126 2629 278 2671 autem
303 2629 414 2685 quid
437 2631 566 2676 illinc
592 2638 952 2692 respondebitur,
981 2642 1028 2684 id
1052 2644 1112 2686 ad
1136 2660 1218 2688 nos
1243 2648 1357 2692 citra
1382 2667 1558 2697 moram
1583 2656 1768 2701 mittere

23 2699 155 2736 35non
183 2700 463 2751 gravabitur.
501 2704 624 2748 Bene
657 2708 806 2751 valere
839 2711 889 2753 P.
924 2712 1028 2754 Vram
1071 2720 1295 2771 optamus.

188 2767 361 2814 Datum
394 2773 538 2817 Albae
573 2776 736 2830 Juliae,
775 2792 843 2834 27.
882 2782 1034 2825 Martii
1071 2797 1196 2841 1575.

189 2837 445 2895 Stephanus
476 2845 684 2903 Bathory
719 2850 925 2895 Vaivoda
957 2854 1307 2904 Transilvaniae.

340 2942 547 2990 (Egykori'i
574 2948 761 2992 masolat,
791 2962 815 2986 a
843 2953 1141 2998 Jezsuita—rend
1170 2960 1477 3010 leveltaraban.)

189 3066 202 3088 ¹
228 3069 263 3103 A
288 3074 448 3119 nemreg
474 3077 647 3123 megjott
672 3080 820 3116 Fabius
847 3083 1021 3132 Gyorgy.
