2188 3535
299 219 367 252 142
1061 199 1135 234 No.
1175 209 1219 245 53
1678 197 1790 245 [1581
1826 195 1911 241 jun.
1951 205 2001 231 10

1112 312 1184 355 53.

856 395 1005 443 Vilna,
1039 394 1153 447 1581
1182 393 1340 449 junius
1371 404 1440 435 10.

608 484 800 534 Bathory
831 481 982 521 Istvan
1012 480 1149 531 kiraly
1178 480 1224 519 P.
1256 479 1413 519 Leleszi
1443 476 1676 530 szmosnak.

423 561 603 612 Helyesli
631 560 821 611 alja‘rcisa't
852 560 892 598 ἐς
921 571 967 597 az
994 558 1078 609 zsz‘c
1117 558 1296 608 Ba'thory
1335 556 1561 609 Zsigmond
1600 555 1788 594 πευείἑεὲί
1815 553 1999 593 tovdbbra

295 625 330 662 is
356 623 536 662 rea'bizva
561 619 802 663 inte‘zkedett,
831 618 934 670 hogy
960 618 1060 657 abba
1085 617 1201 657 senki
1226 617 1304 656 bele
1329 629 1378 656 ne
1404 615 1649 655 avatkozzeik.
2029 622 2051 651 5

430 696 688 753 Stephanus
727 693 813 738 Dei
851 694 1000 751 gratia
1037 708 1117 736 rex
1157 692 1371 736 Poloniae
1410 697 1495 736 etc.

428 765 708 810 Venerabilis
745 766 910 809 devote
946 765 1077 808 nobis
1114 764 1290 807 dilecte.

434 840 583 895 Quam
637 851 792 880 curam
846 841 892 879 et
947 835 1229 891 diligentiam
1283 834 1480 878 Devotio
1528 834 1628 876 Tua
1667 831 1714 874 in
1754 831 2000 874 erudiendo

296 910 447 953 fratris
468 908 611 952 nostri
631 908 738 959 filio,
754 907 801 950 in
817 907 1002 964 pietatis
1018 912 1063 949 et
1078 906 1380 949 humanitatis
1403 904 1565 948 studiis
1587 904 1737 947 adhuc
1758 902 1967 945 adhibuit
1988 916 1998 953 ;

295 981 499 1031 eandem,
531 984 612 1023 aut
640 979 678 1022 si
705 979 800 1022 fieri
829 983 995 1035 potest,
1026 977 1166 1020 etiam
1195 976 1428 1028 maiorem,
1457 975 1661 1018 extincto
1684 974 1822 1017 fratre
1844 978 2000 1016 nostro
2014 987 2052 1015 ιο

296 1052 525 1094 carissimo
578 1050 843 1094 adhibebit:
901 1063 953 1092 ac
1006 1063 1142 1105 quem
1195 1047 1452 1091 studiorum
1505 1060 1687 1089 cursum
1740 1045 2000 1088 adolescens

295 1123 520 1178 ingressus
542 1127 624 1172 est,
647 1121 694 1163 in
716 1135 768 1164 eo
789 1120 1052 1163 retinendus
1074 1119 1157 1162 erit
1181 1133 1232 1162 eo
1254 1132 1411 1175 usque,
1436 1132 1526 1174 quo
1548 1117 1608 1160 ad
1628 1116 1740 1159 satis
1760 1115 2001 1172 profecisse

295 1193 537 1236 videbitur.
569 1193 663 1235 Nec
689 1192 913 1241 volumus,
936 1196 989 1233 ut
1016 1191 1207 1247 quisque
1234 1189 1482 1234 Devotioni
1507 1189 1632 1231 Tuae
1670 1187 1717 1230 in
1756 1188 1842 1229 hoc
1873 1200 2001 1243 prae-

296 1264 490 1307 scribat:
524 1278 641 1314 cum,
679 1263 790 1320 quid
823 1262 1022 1305 muneris
1057 1262 1126 1304 sui
1161 1261 1219 1304 sit
1255 1266 1300 1304 et
1336 1260 1448 1317 quid
1481 1260 1540 1302 ab
1574 1259 1674 1315 ipsa
1701 1258 1997 1314 postulemus,

296 1335 552 1378 Devotione
582 1335 682 1377 Tua
713 1348 845 1376 nemo
877 1333 1037 1376 melius
1068 1332 1306 1388 intelligat.
1341 1331 1614 1374 Adolescens
1646 1343 1700 1372 ea
1730 1334 1798 1371 est
1831 1332 1997 1378 aetate,
2014 1340 2053 1368 15

298 1420 351 1448 ea
388 1406 552 1455 indole,
592 1410 644 1447 ut
677 1419 856 1447 summa
888 1405 942 1446 de
967 1418 1019 1446 eo
1043 1403 1174 1446 nobis
1197 1402 1395 1458 polliceri
1419 1401 1644 1458 possimus
1668 1405 1714 1443 et
1739 1414 1856 1457 quae
1879 1413 2000 1442 nunc

296 1476 540 1526 imbiberit,
580 1476 658 1518 illa
695 1475 922 1518 mordicus
963 1489 1139 1530 semper
1179 1474 1237 1516 sit
1278 1479 1551 1516 retenturus.
1603 1473 1751 1528 Quare
1802 1471 2000 1514 multum

296 1547 483 1589 interest
525 1561 551 1589 a
593 1546 759 1589 teneris
800 1546 962 1602 pietati
1013 1550 1058 1587 et
1109 1544 1311 1587 honestis
1356 1543 1496 1586 literis
1533 1557 1697 1599 pueros
1732 1555 1997 1585 assuescere.

297 1618 511 1660 Officium
543 1617 790 1660 Devotioni
820 1618 945 1660 Tuae
977 1616 1061 1659 erit
1093 1616 1224 1658 nobis
1256 1614 1520 1671 cumprimis
1545 1618 1740 1669 gratum.

429 1690 603 1732 Datum
636 1688 683 1730 in
717 1702 817 1730 arce
851 1692 1007 1730 nostra
1040 1686 1161 1742 regia
1194 1686 1408 1735 Vilnensi,
1448 1698 1514 1728 10.
1551 1684 1623 1727 die
1657 1683 1823 1728 mensis
1857 1683 2052 1739 Junii.2o

300 1761 432 1802 Anno
469 1759 653 1803 Domini
692 1759 815 1812 1581.
855 1758 1000 1814 Regni
1036 1772 1142 1801 vero
1178 1757 1321 1800 nostri
1357 1761 1499 1799 sexto.

433 1830 678 1886 Negotium
722 1829 946 1885 religionis
986 1828 1248 1885 collegiique
1287 1827 1426 1871 vestri
1465 1826 1677 1869 iussimus
1716 1826 2001 1868 senatoribus

297 1901 463 1944 nostris
493 1901 560 1944 ita
590 1915 722 1943 curae
753 1915 847 1943 esse
878 1900 1052 1949 debere,
1085 1914 1142 1942 ne
1172 1899 1283 1956 quid
1313 1897 1589 1940 incommodi
1620 1902 1700 1940 aut
1731 1896 2001 1940 mutationis

297 1978 427 2015 extra
445 1972 710 2014 institutum
730 1970 1099 2014 desideratissimi
1120 1969 1273 2012 fratris
1300 1969 1457 2019 nostri,
1491 1973 1789 2025 nostrumque
1821 1967 2001 2024 patian-

297 2048 384 2086 tur.
417 2043 606 2085 Interim
635 2047 790 2085 autem
819 2042 1042 2091 volumus,
1073 2046 1126 2083 ut
1155 2041 1211 2084 de
1239 2045 1365 2083 statu
1393 2039 1619 2096 religionis
1647 2053 1699 2082 ac
1727 2039 2052 2095 reipublicae25

299 2118 477 2156 vestrae
507 2113 685 2156 faciatis
714 2127 796 2156 nos
825 2127 905 2169 per
932 2113 1086 2155 literas
1115 2117 1291 2155 vestras
1321 2111 1567 2154 certiores.1

431 2185 690 2241 Stephanus
723 2185 835 2227 Rex.

425 2271 637 2370 Kullczime
657 2287 670 2313 .·
703 2273 942 2312 Venerabili
975 2272 1132 2324 Joanni
1164 2272 1215 2311 de
1249 2271 1405 2319 Lelesz,
1440 2270 1663 2310 Societatis
1697 2271 1812 2322 Jesu,
1847 2270 2000 2309 devote

297 2333 418 2372 nobis
448 2333 490 2373 di
509 2337 617 2371 ecto.

464 2403 523 2447 (P.
551 2403 698 2449 Wujek
724 2403 901 2450 egykoru
930 2402 1142 2443 masolam,
1170 2413 1195 2438 a
1213 2401 1509 2448 Jezsuita-rend
1536 2399 1842 2443 leveltaraban.)
2011 2399 2051 2428 3⁰

1114 2532 1185 2575 54.

854 2615 1003 2663 Vilna,
1038 2615 1152 2668 1581
1181 2613 1340 2670 junius
1372 2625 1441 2656 12.

595 2704 788 2756 Bathory
818 2704 967 2743 Istvan
997 2703 1134 2755 kiraly
1164 2703 1228 2753 [P.
1261 2702 1417 2742 Leleszi
1447 2699 1700 2753 Janosnak]

297 2838 320 2876 h
346 2839 359 2876 l
431 2779 589 2876 Vcilsszsz.
617 2780 768 2819 Levele't
793 2781 882 2819 ὐἑυε
907 2779 1070 2825 ίεηιὲίίί,
1097 2792 1121 2818 α
1148 2779 1221 2818 mit
1246 2779 1336 2817 mair
1363 2778 1414 2817 irt
1439 2778 1479 2817 ἐς
1507 2776 1779 2828 gondoskodik
1806 2789 1852 2815 az
1878 2777 1998 2827 atya'k

320 2852 344 2877 ¹e
360 2838 509 2888 yzetefro'
530 2869 537 2876 .
2009 2846 2049 2874 35

432 2914 688 2969 Stephanus
723 2914 806 2957 Dei
840 2913 988 2971 gratia
1020 2928 1099 2956 rex
1134 2912 1347 2956 Poloniae
1381 2916 1466 2954 etc.

431 2984 708 3026 Venerabilis
744 2985 908 3028 devote
943 2984 1074 3027 nobis
1109 2984 1284 3026 dilecte.

430 3054 581 3097 Allato
607 3055 666 3097 ad
703 3069 784 3097 nos
821 3056 877 3098 de
901 3061 1048 3099 morte
1074 3050 1171 3097 Illmi
1195 3052 1409 3111 principis
1434 3051 1587 3095 fratris
1611 3051 1754 3094 nostri
1779 3050 1997 3095 carissimi

443 3155 455 3176 ¹
483 3155 539 3188 Ez
567 3165 612 3189 az
638 3154 794 3190 utoirat
820 3165 844 3189 a
868 3156 999 3203 kiraly
1025 3155 1235 3202 sajatkezfi
1259 3155 1378 3190 irasa.
