2188 3535
147 188 241 234 1583
273 187 354 232 jan.
390 189 455 231 28]
914 189 988 224 No.
1020 190 1061 225 81
1768 197 1841 232 249

142 305 500 356 adversantibus,
535 305 780 362 importare
815 307 961 358 liceat,
1003 307 1197 363 hincque
1237 307 1385 362 plures
1425 305 1692 361 peregrinos,
1736 309 1834 348 tam

143 375 297 426 Italos,
341 391 479 432 quarn
521 376 727 427 Polonos,
771 378 910 421 etiarn
951 378 1071 434 ipsos
1113 379 1318 433 Ungaros
1358 377 1405 419 in
1446 376 1604 419 eodem
1649 375 1835 431 collegio

142 452 486 497 commorantes,
531 448 590 489 ob
633 448 861 491 defectum
904 449 1068 491 exotici
1110 448 1203 491 vini
1246 453 1484 504 tamquam
1526 446 1746 490 suavioris
1788 451 1834 489 et

142 517 458 574 plerorumque
483 518 870 574 complexionibus
895 521 955 562 ad
979 521 1198 562 tuendam
1224 519 1468 561 sanitatem
1493 517 1635 573 magis
1659 532 1834 560 accom-

94 608 111 635 5
142 588 330 637 modati,
356 588 402 630 in
425 588 572 631 varios
596 590 778 632 morbos
800 590 995 632 incidere
1018 605 1121 632 curn
1144 589 1315 645 ingenti
1337 589 1480 631 totius
1502 588 1672 643 collegii
1696 593 1837 644 atque

143 659 255 701 adeo
287 659 454 714 publici
485 659 591 702 boni
624 660 926 703 detrimento:
969 661 1274 716 supplicatum
1305 660 1434 702 nobis
1465 664 1546 709 est,
1572 664 1623 700 ut
1649 659 1840 701 clemen-

142 729 364 772 tissimam
404 730 538 772 huius
577 731 639 773 rei
679 731 902 774 rationem
942 733 1107 774 habere
1148 736 1192 773 et
1234 730 1446 786 peculiari
1486 730 1663 772 indulto
1705 728 1840 771 dictis

141 800 595 843 incommoditatibus
631 816 886 845 succurrere
923 802 1222 858 dignaremur.
1263 803 1356 844 Nos
1392 801 1529 856 igitur
1565 805 1661 842 tam
1697 799 1839 855 ipsius

142 871 204 913 rei
251 871 497 927 aequitate,
546 887 685 928 quam
732 873 871 916 etiarn
918 873 1016 929 ipsa
1061 872 1329 915 necessitate
1375 871 1582 927 permoti,
1631 870 1839 926 praefato

95 965 130 992 10
143 942 326 997 collegio
352 942 407 984 de
433 947 556 985 certa
582 943 769 987 scientia
794 949 950 986 nostra
974 944 1020 986 id
1045 943 1384 986 concedendum
1409 947 1547 998 atque
1572 941 1839 997 permitten-

144 1013 253 1055 dum
285 1013 510 1063 duximus,
542 1019 594 1056 ut
618 1015 803 1070 singulis
832 1015 1042 1070 deinceps
1072 1014 1202 1057 annis
1231 1013 1276 1055 in
1306 1012 1541 1068 collegium
1571 1026 1652 1067 pro
1682 1026 1764 1054 sua
1793 1015 1838 1053 et

142 1084 347 1126 omnium
370 1099 539 1134 eorum,
559 1085 636 1141 qui
659 1087 743 1128 sub
766 1086 967 1141 ipsorum
991 1085 1227 1140 disciplina
1250 1089 1295 1126 et
1318 1098 1425 1125 cura
1447 1082 1617 1125 ibidem
1640 1083 1841 1125 vixerint

141 1157 433 1198 necesssitate
456 1162 653 1211 quatuor
675 1172 785 1200 vasa
801 1158 897 1199 vini
919 1158 1132 1213 Ungarici
1148 1161 1193 1198 et
1211 1155 1388 1204 exotici,
1412 1155 1710 1208 undecunque
1731 1154 1843 1194 haec

142 1231 295 1281 petere
324 1226 530 1275 voluerit,
562 1227 771 1269 invehere
800 1227 991 1269 liberum
1021 1227 1093 1276 sit,
1125 1240 1215 1268 non
1244 1225 1457 1267 obstante
1486 1222 1688 1265 civitatis
1723 1237 1842 1265 com-

94 1319 129 1346 15
142 1302 421 1340 memoratae
466 1298 814 1340 Colosvariensis
857 1297 1103 1353 privilegio,
1150 1296 1221 1338 cui
1265 1296 1324 1338 ad
1368 1294 1464 1350 pios
1508 1308 1615 1336 usus
1664 1298 1843 1349 praeter

142 1369 259 1410 hanc
297 1368 595 1411 necessariam
633 1374 836 1411 nostram
875 1368 1220 1416 concessionem,
1262 1366 1359 1408 aliis
1396 1366 1442 1407 in
1481 1364 1687 1420 partibus
1731 1364 1842 1406 nihil

146 1439 413 1494 derogatum
437 1453 531 1481 esse
555 1439 776 1482 volumus.
804 1440 877 1481 Ad
899 1440 1009 1481 haec
1033 1439 1173 1481 etiam
1196 1436 1504 1493 permittimus
1527 1435 1674 1479 eidem
1698 1434 1842 1477 Socie-

145 1510 255 1552 tatis
294 1510 403 1564 Jesu
442 1510 625 1565 collegio
664 1524 718 1552 ex
757 1511 886 1552 bonis
924 1514 969 1552 et
1008 1508 1328 1565 promontoriis
1367 1509 1600 1549 Monostor
1638 1510 1682 1548 et
1723 1506 1841 1547 Bacs

144 1581 203 1623 ad
248 1581 397 1636 ipsum
443 1581 678 1636 collegium
724 1581 1069 1637 pertinentibus,
1118 1580 1177 1622 ad
1221 1593 1354 1621 usum
1400 1592 1478 1620 seu
1522 1576 1840 1619 necessitatem

98 1651 316 1707 20collegii
356 1651 620 1707 praescripti
660 1652 848 1694 liberam
889 1656 1166 1707 potestatem
1207 1650 1314 1692 vina
1353 1649 1399 1690 in
1439 1648 1674 1690 civitatem
1714 1661 1841 1702 prae-

145 1723 290 1765 fatam
312 1723 526 1765 Colosvar
545 1723 787 1765 invehendi
810 1737 818 1773 ;
841 1723 907 1765 ita
928 1728 1097 1771 tamen,
1120 1736 1176 1763 ne
1198 1720 1397 1763 Societas
1418 1718 1589 1774 collegii
1610 1733 1664 1760 ex
1687 1717 1842 1760 diven-

146 1793 316 1836 ditione
350 1793 559 1836 vinorum
593 1794 813 1837 eiusmodi
847 1794 1200 1849 importatorum
1233 1792 1376 1833 ullum
1410 1794 1652 1846 quaestum
1686 1788 1839 1838 faciat,

145 1865 224 1907 sed
261 1869 445 1907 tanturn
483 1865 543 1907 ad
582 1865 786 1920 proprios
822 1879 931 1907 usus
969 1868 1222 1911 convertat,
1263 1876 1353 1904 non
1392 1875 1519 1903 secus
1557 1875 1608 1902 ac
1647 1860 1683 1902 si
1722 1858 1846 1901 dicta

147 1935 346 1978 Societas
378 1940 508 1978 extra
539 1936 775 1978 civitatem
806 1935 853 1977 in
884 1935 983 1991 ipsa
1014 1934 1202 1977 abbatia
1233 1933 1597 1976 Colosmonostra
1627 1930 1842 1973 habitans

100 2027 134 2053 23
146 2007 305 2049 iisdem
329 2011 534 2048 uteretur
554 2021 562 2057 ;
591 2006 977 2062 quemadmodum
1002 2005 1290 2048 concedimus
1314 2008 1359 2046 et
1384 2002 1692 2059 permittimus
1716 2014 1841 2056 prae-

148 2079 344 2121 sentium
374 2092 452 2133 per
480 2078 693 2133 vigorem.
733 2079 832 2133 Quo
862 2076 979 2119 circa
1007 2076 1137 2118 vobis
1166 2075 1385 2122 fidelibus,
1417 2072 1582 2115 nostris
1611 2070 1843 2127 prudenti-

148 2151 232 2193 bus
266 2155 311 2192 et
346 2148 694 2204 circumspectis,
730 2147 867 2190 iudici
898 2147 1146 2203 primario,1
1169 2144 1446 2200 caeterisque
1477 2142 1636 2185 iuratis
1670 2141 1845 2183 civibus

148 2235 199 2264 ac
236 2220 323 2263 toti
359 2219 646 2262 universitati
682 2218 1043 2261 inhabitatorum
1079 2215 1281 2259 civitatis
1315 2219 1496 2256 nostrae
1532 2227 1664 2268 saepe
1700 2211 1843 2253 nomi—

148 2297 284 2335 natae
333 2290 681 2334 Colosvariensis
728 2291 891 2331 harum
940 2288 1050 2331 serie
1099 2285 1429 2329 committimus
1477 2288 1523 2326 et
1571 2282 1844 2324 mandamus

103 2382 137 2409 :0
149 2363 350 2411 firmiter,
385 2367 438 2404 ut
472 2361 756 2417 praedictum
789 2359 1038 2414 collegium,
1074 2358 1119 2399 in
1152 2358 1237 2399 hac
1270 2360 1425 2398 nostra
1458 2352 1708 2396 annuentia
1740 2366 1844 2394 con-

151 2438 331 2476 servent
355 2438 400 2475 et
424 2447 503 2489 per
526 2446 629 2474 suos
652 2429 905 2474 conservari
930 2429 1113 2472 faciant.
1141 2429 1195 2469 In
1218 2426 1344 2468 cuius
1366 2425 1429 2467 rei
1452 2424 1587 2466 fidem
1610 2423 1680 2465 his
1701 2422 1844 2465 literis

151 2505 316 2547 nostris
364 2503 649 2551 annuentiae‚
700 2515 838 2544 manu
886 2504 1041 2542 nostra
1089 2496 1446 2552 subscripsimus,
1496 2494 1637 2550 sigillo
1685 2497 1844 2535 nostro

100 2603 103 2606 -
151 2580 335 2624 secreto,
371 2589 460 2631 quo
493 2574 539 2616 in
571 2574 704 2615 rebus
735 2569 1100 2626 Transylvanicis
1131 2568 1316 2616 utimur,
1351 2580 1578 2622 appresso.

280 2648 453 2688 Datum
488 2645 534 2687 in
570 2658 669 2686 arce
705 2648 860 2685 nostra
894 2640 1015 2696 regia
1051 2637 1423 2694 Nepolomicensi,
1461 2637 1529 2679 28.
1568 2635 1639 2677 die
1674 2633 1841 2677 mensis

101 2736 136 2763 35
151 2717 369 2772 Januarii.
407 2718 539 2759 Anno
575 2713 759 2757 Domini
795 2713 919 2766 1583.
959 2710 1102 2766 Regni
1137 2723 1243 2752 vero
1278 2707 1421 2750 nostri
1455 2706 1662 2763 septimo.

278 2787 535 2843 Stephanus
569 2789 666 2830 Rex
697 2798 810 2840 mpr.

1202 2849 1423 2892 Martinus
1455 2848 1510 2891 de
1541 2846 1782 2890 Berzeuice

1282 2918 1582 2964 Cancellarius
1612 2931 1727 2973 mpr.

153 3029 343 3071 (Eredeti‚
373 3028 418 3062 O.
449 3028 473 3062 1.
505 3027 667 3072 Erdelyi
705 3025 855 3059 fiskalis
893 3021 1087 3057 leveltara
1125 3020 1265 3054 XXII.
1305 3019 1520 3063 szekrenye
1562 3018 1608 3051 B.
1638 3017 1733 3049 fasc.
1770 3015 1846 3057 12.)

105 3170 140 3198 4ο
280 3160 293 3181 ¹
323 3159 460 3194 Ekkor
483 3169 526 3192 ez
553 3158 681 3193 evben
707 3157 798 3202 ujra
823 3155 1017 3190 Wolffard
1046 3153 1187 3188 Istvan
1212 3163 1235 3186 a
1260 3150 1401 3185 fobiro.
