<?xml version="1.0" encoding="UTF-8"?>
<!DOCTYPE html PUBLIC "-//W3C//DTD XHTML 1.0 Transitional//EN"
    "http://www.w3.org/TR/xhtml1/DTD/xhtml1-transitional.dtd">
<html xmlns="http://www.w3.org/1999/xhtml" xml:lang="en" lang="en">
 <head>
  <title>
</title>
<meta http-equiv="Content-Type" content="text/html;charset=utf-8" />
  <meta name='ocr-system' content='tesseract 3.04.00' />
  <meta name='ocr-capabilities' content='ocr_page ocr_carea ocr_par ocr_line ocrx_word'/>
</head>
<body>
  <div class='ocr_page' id='page_1' title='image "./epistolaeetactaj01vereuoft_0333.png"; bbox 0 0 2188 3535; ppageno 0'>
   <div class='ocr_carea' id='block_1_1' title="bbox 121 180 1812 229">
    <p class='ocr_par' dir='ltr' id='par_1_1' title="bbox 121 180 1812 229">
     <span class='ocr_line' id='line_1_1' title="bbox 121 180 1812 229; baseline 0 -15"><span class='ocrx_word' id='word_1_1' title='bbox 121 184 215 229; x_wconf 83' lang='lat'>1583</span> <span class='ocrx_word' id='word_1_2' title='bbox 249 180 392 214; x_wconf 76' lang='lat' dir='ltr'>marcz.</span> <span class='ocrx_word' id='word_1_3' title='bbox 431 182 492 227; x_wconf 87' lang='lat'>15]</span> <span class='ocrx_word' id='word_1_4' title='bbox 889 180 964 215; x_wconf 89' lang='lat' dir='ltr'>No.</span> <span class='ocrx_word' id='word_1_5' title='bbox 993 182 1039 214; x_wconf 83' lang='lat'>88</span> <span class='ocrx_word' id='word_1_6' title='bbox 1739 184 1812 223; x_wconf 89' lang='lat'>269</span> 
     </span>
    </p>
   </div>
   <div class='ocr_carea' id='block_1_2' title="bbox 59 297 2006 3184">
    <p class='ocr_par' dir='ltr' id='par_1_2' title="bbox 59 297 2006 2756">
     <span class='ocr_line' id='line_1_2' title="bbox 117 297 1809 355; baseline 0.001 -14"><span class='ocrx_word' id='word_1_7' title='bbox 117 302 461 341; x_wconf 82' lang='lat' dir='ltr'>conservaretur</span> <span class='ocrx_word' id='word_1_8' title='bbox 490 297 744 354; x_wconf 71' lang='lat' dir='ltr'>misterium</span> <span class='ocrx_word' id='word_1_9' title='bbox 774 298 1001 340; x_wconf 82' lang='lat' dir='ltr'>humanae</span> <span class='ocrx_word' id='word_1_10' title='bbox 1032 299 1355 355; x_wconf 82' lang='lat' dir='ltr'>redemptionis</span> <span class='ocrx_word' id='word_1_11' title='bbox 1386 300 1442 342; x_wconf 90' lang='lat' dir='ltr'>de</span> <span class='ocrx_word' id='word_1_12' title='bbox 1470 313 1610 342; x_wconf 90' lang='lat' dir='ltr'>manu</span> <span class='ocrx_word' id='word_1_13' title='bbox 1642 299 1809 342; x_wconf 88' lang='lat' dir='ltr'>diaboli</span> 
     </span>
     <span class='ocr_line' id='line_1_3' title="bbox 118 368 1809 426; baseline 0.001 -15"><span class='ocrx_word' id='word_1_14' title='bbox 118 374 164 412; x_wconf 88' lang='lat' dir='ltr'>et</span> <span class='ocrx_word' id='word_1_15' title='bbox 200 368 549 411; x_wconf 80' lang='lat' dir='ltr'>introductionis</span> <span class='ocrx_word' id='word_1_16' title='bbox 585 368 632 410; x_wconf 93' lang='lat' dir='ltr'>in</span> <span class='ocrx_word' id='word_1_17' title='bbox 668 372 837 410; x_wconf 90' lang='lat' dir='ltr'>terram</span> <span class='ocrx_word' id='word_1_18' title='bbox 874 368 1129 412; x_wconf 86' lang='lat' dir='ltr'>viventium</span> <span class='ocrx_word' id='word_1_19' title='bbox 1165 384 1245 425; x_wconf 92' lang='lat' dir='ltr'>per</span> <span class='ocrx_word' id='word_1_20' title='bbox 1280 370 1578 426; x_wconf 80' lang='lat' dir='ltr'>temporalem</span> <span class='ocrx_word' id='word_1_21' title='bbox 1614 370 1693 412; x_wconf 90' lang='lat' dir='ltr'>filii</span> <span class='ocrx_word' id='word_1_22' title='bbox 1725 371 1809 413; x_wconf 85' lang='lat' dir='ltr'>Dei</span> 
     </span>
     <span class='ocr_line' id='line_1_4' title="bbox 119 438 1810 496; baseline 0.001 -14"><span class='ocrx_word' id='word_1_23' title='bbox 119 440 371 483; x_wconf 91' lang='lat' dir='ltr'>adventum</span> <span class='ocrx_word' id='word_1_24' title='bbox 393 439 440 481; x_wconf 93' lang='lat' dir='ltr'>in</span> <span class='ocrx_word' id='word_1_25' title='bbox 462 453 595 481; x_wconf 90' lang='lat' dir='ltr'>carne</span> <span class='ocrx_word' id='word_1_26' title='bbox 613 453 622 489; x_wconf 84' lang='lat'>;</span> <span class='ocrx_word' id='word_1_27' title='bbox 647 443 693 481; x_wconf 91' lang='lat' dir='ltr'>et</span> <span class='ocrx_word' id='word_1_28' title='bbox 715 453 771 481; x_wconf 92' lang='lat' dir='ltr'>ne</span> <span class='ocrx_word' id='word_1_29' title='bbox 794 438 946 494; x_wconf 88' lang='lat' dir='ltr'>aliqua</span> <span class='ocrx_word' id='word_1_30' title='bbox 968 439 1192 483; x_wconf 88' lang='lat' dir='ltr'>oblivione</span> <span class='ocrx_word' id='word_1_31' title='bbox 1216 441 1438 483; x_wconf 91' lang='lat' dir='ltr'>deleretur</span> <span class='ocrx_word' id='word_1_32' title='bbox 1460 441 1571 483; x_wconf 92' lang='lat' dir='ltr'>illud</span> <span class='ocrx_word' id='word_1_33' title='bbox 1593 455 1810 496; x_wconf 85' lang='lat' dir='ltr'>magnum</span> 
     </span>
     <span class='ocr_line' id='line_1_5' title="bbox 118 509 1809 566; baseline 0.001 -14"><span class='ocrx_word' id='word_1_34' title='bbox 118 510 303 566; x_wconf 89' lang='lat' dir='ltr'>pietatis</span> <span class='ocrx_word' id='word_1_35' title='bbox 333 514 683 558; x_wconf 89' lang='lat' dir='ltr'>sacramentum,</span> <span class='ocrx_word' id='word_1_36' title='bbox 716 509 840 565; x_wconf 90' lang='lat' dir='ltr'>quod</span> <span class='ocrx_word' id='word_1_37' title='bbox 870 510 1214 553; x_wconf 76' lang='lat' dir='ltr'>manifestatum</span> <span class='ocrx_word' id='word_1_38' title='bbox 1243 516 1311 554; x_wconf 91' lang='lat' dir='ltr'>est</span> <span class='ocrx_word' id='word_1_39' title='bbox 1341 511 1387 553; x_wconf 90' lang='lat' dir='ltr'>in</span> <span class='ocrx_word' id='word_1_40' title='bbox 1417 526 1562 560; x_wconf 86' lang='lat' dir='ltr'>carne,</span> <span class='ocrx_word' id='word_1_41' title='bbox 1595 511 1809 554; x_wconf 87' lang='lat' dir='ltr'>iustifica-</span> 
     </span>
     <span class='ocr_line' id='line_1_6' title="bbox 66 579 2006 638; baseline 0.002 -14"><span class='ocrx_word' id='word_1_42' title='bbox 66 598 88 625; x_wconf 80' lang='lat'>5</span> <span class='ocrx_word' id='word_1_43' title='bbox 118 586 219 623; x_wconf 88' lang='lat' dir='ltr'>tum</span> <span class='ocrx_word' id='word_1_44' title='bbox 238 580 285 622; x_wconf 92' lang='lat' dir='ltr'>in</span> <span class='ocrx_word' id='word_1_45' title='bbox 305 580 480 636; x_wconf 91' lang='lat' dir='ltr'>spiritu,</span> <span class='ocrx_word' id='word_1_46' title='bbox 503 580 716 636; x_wconf 88' lang='lat' dir='ltr'>apparuit</span> <span class='ocrx_word' id='word_1_47' title='bbox 734 579 914 635; x_wconf 81' lang='lat' dir='ltr'>angelis,</span> <span class='ocrx_word' id='word_1_48' title='bbox 935 580 1157 623; x_wconf 90' lang='lat' dir='ltr'>creditum</span> <span class='ocrx_word' id='word_1_49' title='bbox 1173 587 1240 624; x_wconf 88' lang='lat' dir='ltr'>est</span> <span class='ocrx_word' id='word_1_50' title='bbox 1257 582 1303 624; x_wconf 92' lang='lat' dir='ltr'>in</span> <span class='ocrx_word' id='word_1_51' title='bbox 1318 582 1502 631; x_wconf 91' lang='lat' dir='ltr'>mundo,</span> <span class='ocrx_word' id='word_1_52' title='bbox 1522 587 1810 638; x_wconf 90' lang='lat' dir='ltr'>assumptum</span> <span class='ocrx_word' id='word_1_53' title='bbox 1825 596 1848 621; x_wconf 94' lang='lat'>1.</span> <span class='ocrx_word' id='word_1_54' title='bbox 1876 594 1949 620; x_wconf 77' lang='lat' dir='ltr'>rim.</span> <span class='ocrx_word' id='word_1_55' title='bbox 1980 603 2006 627; x_wconf 88' lang='lat'>3·</span> 
     </span>
     <span class='ocr_line' id='line_1_7' title="bbox 118 650 1809 709; baseline 0.001 -16"><span class='ocrx_word' id='word_1_56' title='bbox 118 655 186 694; x_wconf 90' lang='lat' dir='ltr'>est</span> <span class='ocrx_word' id='word_1_57' title='bbox 222 651 269 693; x_wconf 92' lang='lat' dir='ltr'>in</span> <span class='ocrx_word' id='word_1_58' title='bbox 304 651 457 706; x_wconf 85' lang='lat' dir='ltr'>gloria.</span> <span class='ocrx_word' id='word_1_59' title='bbox 498 650 624 693; x_wconf 89' lang='lat' dir='ltr'>Sicut</span> <span class='ocrx_word' id='word_1_60' title='bbox 661 650 799 706; x_wconf 84' lang='lat' dir='ltr'>igitur</span> <span class='ocrx_word' id='word_1_61' title='bbox 835 651 1060 694; x_wconf 89' lang='lat' dir='ltr'>sabbatho</span> <span class='ocrx_word' id='word_1_62' title='bbox 1084 652 1364 706; x_wconf 89' lang='lat' dir='ltr'>Judaeorum</span> <span class='ocrx_word' id='word_1_63' title='bbox 1396 653 1520 709; x_wconf 90' lang='lat' dir='ltr'>apud</span> <span class='ocrx_word' id='word_1_64' title='bbox 1541 653 1809 696; x_wconf 86' lang='lat' dir='ltr'>christianos</span> 
     </span>
     <span class='ocr_line' id='line_1_8' title="bbox 117 720 1809 777; baseline 0.002 -14"><span class='ocrx_word' id='word_1_65' title='bbox 117 721 331 764; x_wconf 90' lang='lat' dir='ltr'>successit</span> <span class='ocrx_word' id='word_1_66' title='bbox 366 721 460 763; x_wconf 80' lang='lat' dir='ltr'>dies</span> <span class='ocrx_word' id='word_1_67' title='bbox 495 721 748 770; x_wconf 89' lang='lat' dir='ltr'>Dominica,</span> <span class='ocrx_word' id='word_1_68' title='bbox 785 720 832 762; x_wconf 92' lang='lat' dir='ltr'>in</span> <span class='ocrx_word' id='word_1_69' title='bbox 867 736 957 777; x_wconf 91' lang='lat' dir='ltr'>qua</span> <span class='ocrx_word' id='word_1_70' title='bbox 990 722 1043 763; x_wconf 91' lang='lat' dir='ltr'>fit</span> <span class='ocrx_word' id='word_1_71' title='bbox 1078 723 1328 765; x_wconf 85' lang='lat' dir='ltr'>recordatio</span> <span class='ocrx_word' id='word_1_72' title='bbox 1361 728 1406 765; x_wconf 94' lang='lat' dir='ltr'>et</span> <span class='ocrx_word' id='word_1_73' title='bbox 1438 724 1809 766; x_wconf 86' lang='lat' dir='ltr'>commemoratio</span> 
     </span>
     <span class='ocr_line' id='line_1_9' title="bbox 116 791 1809 844; baseline 0.001 -10"><span class='ocrx_word' id='word_1_74' title='bbox 116 806 262 834; x_wconf 89' lang='lat' dir='ltr'>novae</span> <span class='ocrx_word' id='word_1_75' title='bbox 319 791 559 834; x_wconf 86' lang='lat' dir='ltr'>creationis</span> <span class='ocrx_word' id='word_1_76' title='bbox 615 792 856 834; x_wconf 88' lang='lat' dir='ltr'>inchoatae</span> <span class='ocrx_word' id='word_1_77' title='bbox 887 792 934 833; x_wconf 92' lang='lat' dir='ltr'>in</span> <span class='ocrx_word' id='word_1_78' title='bbox 979 794 1301 836; x_wconf 90' lang='lat' dir='ltr'>resurrectione</span> <span class='ocrx_word' id='word_1_79' title='bbox 1348 794 1512 836; x_wconf 86' lang='lat' dir='ltr'>Christi</span> <span class='ocrx_word' id='word_1_80' title='bbox 1529 808 1538 844; x_wconf 86' lang='lat'>;</span> <span class='ocrx_word' id='word_1_81' title='bbox 1586 794 1652 836; x_wconf 92' lang='lat' dir='ltr'>ita</span> <span class='ocrx_word' id='word_1_82' title='bbox 1694 795 1809 837; x_wconf 76' lang='lat' dir='ltr'>festo</span> 
     </span>
     <span class='ocr_line' id='line_1_10' title="bbox 118 862 1808 917; baseline 0 -11"><span class='ocrx_word' id='word_1_83' title='bbox 118 864 286 906; x_wconf 88' lang='lat' dir='ltr'>Pascae</span> <span class='ocrx_word' id='word_1_84' title='bbox 319 862 532 904; x_wconf 89' lang='lat' dir='ltr'>successit</span> <span class='ocrx_word' id='word_1_85' title='bbox 566 862 734 905; x_wconf 82' lang='lat' dir='ltr'>festum</span> <span class='ocrx_word' id='word_1_86' title='bbox 767 862 987 917; x_wconf 87' lang='lat' dir='ltr'>passionis</span> <span class='ocrx_word' id='word_1_87' title='bbox 1020 868 1065 905; x_wconf 92' lang='lat' dir='ltr'>et</span> <span class='ocrx_word' id='word_1_88' title='bbox 1097 864 1432 907; x_wconf 89' lang='lat' dir='ltr'>resurrectionis</span> <span class='ocrx_word' id='word_1_89' title='bbox 1465 864 1629 907; x_wconf 89' lang='lat' dir='ltr'>Christi</span> <span class='ocrx_word' id='word_1_90' title='bbox 1647 879 1655 915; x_wconf 86' lang='lat'>;</span> <span class='ocrx_word' id='word_1_91' title='bbox 1692 865 1808 908; x_wconf 82' lang='lat' dir='ltr'>festo</span> 
     </span>
     <span class='ocr_line' id='line_1_11' title="bbox 66 933 1809 990; baseline 0 -13"><span class='ocrx_word' id='word_1_92' title='bbox 66 950 105 980; x_wconf 87' lang='lat'>10</span> <span class='ocrx_word' id='word_1_93' title='bbox 119 935 422 982; x_wconf 91' lang='lat' dir='ltr'>Pentecostes,</span> <span class='ocrx_word' id='word_1_94' title='bbox 455 933 501 975; x_wconf 92' lang='lat' dir='ltr'>in</span> <span class='ocrx_word' id='word_1_95' title='bbox 531 948 623 990; x_wconf 90' lang='lat' dir='ltr'>qua</span> <span class='ocrx_word' id='word_1_96' title='bbox 653 933 740 975; x_wconf 82' lang='lat' dir='ltr'>fuit</span> <span class='ocrx_word' id='word_1_97' title='bbox 770 933 842 975; x_wconf 85' lang='lat' dir='ltr'>lex</span> <span class='ocrx_word' id='word_1_98' title='bbox 872 938 1005 976; x_wconf 85' lang='lat' dir='ltr'>vetus</span> <span class='ocrx_word' id='word_1_99' title='bbox 1036 935 1157 984; x_wconf 88' lang='lat' dir='ltr'>data,</span> <span class='ocrx_word' id='word_1_100' title='bbox 1192 935 1403 977; x_wconf 91' lang='lat' dir='ltr'>successit</span> <span class='ocrx_word' id='word_1_101' title='bbox 1427 935 1594 977; x_wconf 77' lang='lat' dir='ltr'>festum</span> <span class='ocrx_word' id='word_1_102' title='bbox 1617 935 1809 990; x_wconf 83' lang='lat' dir='ltr'>Spiritus</span> 
     </span>
     <span class='ocr_line' id='line_1_12' title="bbox 118 1003 1805 1060; baseline 0.002 -15"><span class='ocrx_word' id='word_1_103' title='bbox 118 1004 285 1053; x_wconf 86' lang='lat' dir='ltr'>Sancti,</span> <span class='ocrx_word' id='word_1_104' title='bbox 317 1004 364 1046; x_wconf 89' lang='lat' dir='ltr'>in</span> <span class='ocrx_word' id='word_1_105' title='bbox 393 1019 483 1060; x_wconf 92' lang='lat' dir='ltr'>quo</span> <span class='ocrx_word' id='word_1_106' title='bbox 512 1004 584 1046; x_wconf 86' lang='lat' dir='ltr'>lex</span> <span class='ocrx_word' id='word_1_107' title='bbox 614 1003 807 1060; x_wconf 81' lang='lat' dir='ltr'>Spiritus</span> <span class='ocrx_word' id='word_1_108' title='bbox 836 1003 959 1046; x_wconf 80' lang='lat' dir='ltr'>Vitae</span> <span class='ocrx_word' id='word_1_109' title='bbox 988 1005 1153 1047; x_wconf 77' lang='lat' dir='ltr'>diffusa</span> <span class='ocrx_word' id='word_1_110' title='bbox 1181 1010 1249 1047; x_wconf 90' lang='lat' dir='ltr'>est</span> <span class='ocrx_word' id='word_1_111' title='bbox 1278 1005 1324 1047; x_wconf 90' lang='lat' dir='ltr'>in</span> <span class='ocrx_word' id='word_1_112' title='bbox 1353 1006 1563 1047; x_wconf 87' lang='lat' dir='ltr'>cordibus</span> <span class='ocrx_word' id='word_1_113' title='bbox 1591 1006 1805 1049; x_wconf 90' lang='lat' dir='ltr'>fidelium.</span> 
     </span>
     <span class='ocr_line' id='line_1_13' title="bbox 119 1075 1809 1131; baseline 0.001 -14"><span class='ocrx_word' id='word_1_114' title='bbox 119 1076 255 1117; x_wconf 89' lang='lat' dir='ltr'>Festo</span> <span class='ocrx_word' id='word_1_115' title='bbox 286 1089 370 1117; x_wconf 91' lang='lat' dir='ltr'>neo</span> <span class='ocrx_word' id='word_1_116' title='bbox 402 1075 588 1117; x_wconf 92' lang='lat' dir='ltr'>mender</span> <span class='ocrx_word' id='word_1_117' title='bbox 618 1079 928 1117; x_wconf 88' lang='lat' dir='ltr'>successerunt</span> <span class='ocrx_word' id='word_1_118' title='bbox 960 1076 1076 1118; x_wconf 83' lang='lat' dir='ltr'>festa</span> <span class='ocrx_word' id='word_1_119' title='bbox 1107 1077 1157 1118; x_wconf 86' lang='lat' dir='ltr'>B.</span> <span class='ocrx_word' id='word_1_120' title='bbox 1182 1076 1376 1131; x_wconf 82' lang='lat' dir='ltr'>Virginis</span> <span class='ocrx_word' id='word_1_121' title='bbox 1393 1090 1402 1126; x_wconf 71' lang='grc' dir='ltr'><strong><em>ς</em></strong></span> <span class='ocrx_word' id='word_1_122' title='bbox 1447 1076 1562 1118; x_wconf 85' lang='lat' dir='ltr'>festo</span> <span class='ocrx_word' id='word_1_123' title='bbox 1594 1077 1809 1119; x_wconf 88' lang='lat' dir='ltr'>tubarum</span> 
     </span>
     <span class='ocr_line' id='line_1_14' title="bbox 117 1145 1811 1202; baseline 0.001 -16"><span class='ocrx_word' id='word_1_124' title='bbox 117 1145 235 1187; x_wconf 77' lang='lat' dir='ltr'>festa</span> <span class='ocrx_word' id='word_1_125' title='bbox 264 1145 602 1201; x_wconf 89' lang='lat' dir='ltr'>apostolorum;</span> <span class='ocrx_word' id='word_1_126' title='bbox 635 1145 751 1187; x_wconf 78' lang='lat' dir='ltr'>festo</span> <span class='ocrx_word' id='word_1_127' title='bbox 781 1145 1052 1200; x_wconf 85' lang='lat' dir='ltr'>expiationis</span> <span class='ocrx_word' id='word_1_128' title='bbox 1082 1146 1199 1188; x_wconf 78' lang='lat' dir='ltr'>festa</span> <span class='ocrx_word' id='word_1_129' title='bbox 1227 1151 1484 1202; x_wconf 88' lang='lat' dir='ltr'>martyrum</span> <span class='ocrx_word' id='word_1_130' title='bbox 1513 1151 1558 1188; x_wconf 91' lang='lat' dir='ltr'>et</span> <span class='ocrx_word' id='word_1_131' title='bbox 1588 1147 1811 1188; x_wconf 82' lang='lat' dir='ltr'>confesso-</span> 
     </span>
     <span class='ocr_line' id='line_1_15' title="bbox 117 1216 1811 1267; baseline 0.001 -9"><span class='ocrx_word' id='word_1_132' title='bbox 117 1230 248 1267; x_wconf 81' lang='lat' dir='ltr'>rum;</span> <span class='ocrx_word' id='word_1_133' title='bbox 305 1216 421 1258; x_wconf 77' lang='lat' dir='ltr'>festo</span> <span class='ocrx_word' id='word_1_134' title='bbox 476 1216 874 1258; x_wconf 89' lang='lat' dir='ltr'>tabernaculorum</span> <span class='ocrx_word' id='word_1_135' title='bbox 928 1221 1237 1259; x_wconf 90' lang='lat' dir='ltr'>successerunt</span> <span class='ocrx_word' id='word_1_136' title='bbox 1292 1217 1409 1258; x_wconf 80' lang='lat' dir='ltr'>festa</span> <span class='ocrx_word' id='word_1_137' title='bbox 1462 1217 1811 1259; x_wconf 90' lang='lat' dir='ltr'>consecrationis</span> 
     </span>
     <span class='ocr_line' id='line_1_16' title="bbox 64 1287 1811 1343; baseline -0.001 -13"><span class='ocrx_word' id='word_1_138' title='bbox 64 1303 103 1332; x_wconf 83' lang='lat'>15</span> <span class='ocrx_word' id='word_1_139' title='bbox 117 1287 405 1329; x_wconf 87' lang='lat' dir='ltr'>ecclesiarum</span> <span class='ocrx_word' id='word_1_140' title='bbox 425 1301 434 1338; x_wconf 85' lang='lat'>;</span> <span class='ocrx_word' id='word_1_141' title='bbox 476 1287 592 1329; x_wconf 81' lang='lat' dir='ltr'>festo</span> <span class='ocrx_word' id='word_1_142' title='bbox 618 1291 774 1328; x_wconf 89' lang='lat' dir='ltr'>caetus</span> <span class='ocrx_word' id='word_1_143' title='bbox 799 1291 937 1341; x_wconf 91' lang='lat' dir='ltr'>atque</span> <span class='ocrx_word' id='word_1_144' title='bbox 962 1288 1177 1329; x_wconf 87' lang='lat' dir='ltr'>collectae</span> <span class='ocrx_word' id='word_1_145' title='bbox 1203 1291 1512 1329; x_wconf 89' lang='lat' dir='ltr'>successerunt</span> <span class='ocrx_word' id='word_1_146' title='bbox 1539 1287 1655 1329; x_wconf 79' lang='lat' dir='ltr'>festa</span> <span class='ocrx_word' id='word_1_147' title='bbox 1680 1302 1811 1343; x_wconf 83' lang='lat' dir='ltr'>ange-</span> 
     </span>
     <span class='ocr_line' id='line_1_17' title="bbox 115 1357 1811 1402; baseline 0 -2"><span class='ocrx_word' id='word_1_148' title='bbox 115 1358 262 1400; x_wconf 87' lang='lat' dir='ltr'>lorum</span> <span class='ocrx_word' id='word_1_149' title='bbox 289 1362 334 1400; x_wconf 90' lang='lat' dir='ltr'>et</span> <span class='ocrx_word' id='word_1_150' title='bbox 361 1358 566 1400; x_wconf 91' lang='lat' dir='ltr'>omnium</span> <span class='ocrx_word' id='word_1_151' title='bbox 593 1361 868 1399; x_wconf 89' lang='lat' dir='ltr'>sanctorum.</span> <span class='ocrx_word' id='word_1_152' title='bbox 899 1357 959 1399; x_wconf 89' lang='lat' dir='ltr'>Et</span> <span class='ocrx_word' id='word_1_153' title='bbox 987 1357 1103 1399; x_wconf 91' lang='lat' dir='ltr'>sicut</span> <span class='ocrx_word' id='word_1_154' title='bbox 1137 1358 1181 1399; x_wconf 93' lang='lat' dir='ltr'>in</span> <span class='ocrx_word' id='word_1_155' title='bbox 1209 1357 1360 1402; x_wconf 91' lang='lat' dir='ltr'>Veteri</span> <span class='ocrx_word' id='word_1_156' title='bbox 1386 1362 1662 1399; x_wconf 89' lang='lat' dir='ltr'>testamento</span> <span class='ocrx_word' id='word_1_157' title='bbox 1690 1372 1811 1400; x_wconf 90' lang='lat' dir='ltr'>acce-</span> 
     </span>
     <span class='ocr_line' id='line_1_18' title="bbox 116 1427 1812 1484; baseline 0 -14"><span class='ocrx_word' id='word_1_158' title='bbox 116 1428 331 1471; x_wconf 88' lang='lat' dir='ltr'>dentibus</span> <span class='ocrx_word' id='word_1_159' title='bbox 363 1429 493 1471; x_wconf 88' lang='lat' dir='ltr'>novis</span> <span class='ocrx_word' id='word_1_160' title='bbox 525 1427 766 1476; x_wconf 89' lang='lat' dir='ltr'>beneficiis,</span> <span class='ocrx_word' id='word_1_161' title='bbox 799 1433 1083 1470; x_wconf 89' lang='lat' dir='ltr'>accesserunt</span> <span class='ocrx_word' id='word_1_162' title='bbox 1116 1443 1237 1470; x_wconf 88' lang='lat' dir='ltr'>nova</span> <span class='ocrx_word' id='word_1_163' title='bbox 1269 1428 1399 1477; x_wconf 80' lang='lat' dir='ltr'>festa,</span> <span class='ocrx_word' id='word_1_164' title='bbox 1434 1428 1556 1470; x_wconf 87' lang='lat' dir='ltr'>ultra</span> <span class='ocrx_word' id='word_1_165' title='bbox 1577 1428 1665 1477; x_wconf 89' lang='lat' dir='ltr'>illa,</span> <span class='ocrx_word' id='word_1_166' title='bbox 1697 1443 1812 1484; x_wconf 89' lang='lat' dir='ltr'>quae</span> 
     </span>
     <span class='ocr_line' id='line_1_19' title="bbox 116 1498 1810 1554; baseline 0.001 -14"><span class='ocrx_word' id='word_1_167' title='bbox 116 1504 245 1541; x_wconf 90' lang='lat' dir='ltr'>erant</span> <span class='ocrx_word' id='word_1_168' title='bbox 282 1499 497 1541; x_wconf 88' lang='lat' dir='ltr'>instituta</span> <span class='ocrx_word' id='word_1_169' title='bbox 533 1499 579 1540; x_wconf 91' lang='lat' dir='ltr'>in</span> <span class='ocrx_word' id='word_1_170' title='bbox 616 1499 711 1553; x_wconf 83' lang='lat' dir='ltr'>lege</span> <span class='ocrx_word' id='word_1_171' title='bbox 748 1498 922 1554; x_wconf 86' lang='lat' dir='ltr'>Moysi:</span> <span class='ocrx_word' id='word_1_172' title='bbox 962 1504 1013 1540; x_wconf 91' lang='lat' dir='ltr'>ut</span> <span class='ocrx_word' id='word_1_173' title='bbox 1060 1499 1284 1541; x_wconf 87' lang='lat' dir='ltr'>dedicatio</span> <span class='ocrx_word' id='word_1_174' title='bbox 1335 1499 1494 1554; x_wconf 91' lang='lat' dir='ltr'>templi</span> <span class='ocrx_word' id='word_1_175' title='bbox 1545 1498 1810 1548; x_wconf 86' lang='lat' dir='ltr'>Salomonis,</span> 
     </span>
     <span class='ocr_line' id='line_1_20' title="bbox 118 1568 1812 1625; baseline 0.001 -15"><span class='ocrx_word' id='word_1_176' title='bbox 118 1569 229 1612; x_wconf 92' lang='lat' dir='ltr'>item</span> <span class='ocrx_word' id='word_1_177' title='bbox 261 1569 349 1612; x_wconf 81' lang='lat' dir='ltr'>alia</span> <span class='ocrx_word' id='word_1_178' title='bbox 381 1569 607 1612; x_wconf 92' lang='lat' dir='ltr'>dedicatio</span> <span class='ocrx_word' id='word_1_179' title='bbox 640 1568 842 1611; x_wconf 91' lang='lat' dir='ltr'>eiusdem</span> <span class='ocrx_word' id='word_1_180' title='bbox 874 1569 1033 1625; x_wconf 91' lang='lat' dir='ltr'>templi</span> <span class='ocrx_word' id='word_1_181' title='bbox 1065 1570 1340 1612; x_wconf 83' lang='lat' dir='ltr'>reaedificati</span> <span class='ocrx_word' id='word_1_182' title='bbox 1372 1570 1456 1611; x_wconf 91' lang='lat' dir='ltr'>sub</span> <span class='ocrx_word' id='word_1_183' title='bbox 1488 1570 1737 1612; x_wconf 91' lang='lat' dir='ltr'>Zorobabel</span> <span class='ocrx_word' id='word_1_184' title='bbox 1768 1575 1812 1612; x_wconf 93' lang='lat' dir='ltr'>et</span> 
     </span>
     <span class='ocr_line' id='line_1_21' title="bbox 61 1640 1812 1696; baseline 0 -13"><span class='ocrx_word' id='word_1_185' title='bbox 61 1657 102 1685; x_wconf 67' lang='grc' dir='ltr'>ρο</span> <span class='ocrx_word' id='word_1_186' title='bbox 116 1640 203 1682; x_wconf 88' lang='lat' dir='ltr'>alia</span> <span class='ocrx_word' id='word_1_187' title='bbox 217 1654 370 1682; x_wconf 91' lang='lat' dir='ltr'>rursus</span> <span class='ocrx_word' id='word_1_188' title='bbox 386 1640 586 1682; x_wconf 91' lang='lat' dir='ltr'>eiusdem</span> <span class='ocrx_word' id='word_1_189' title='bbox 603 1640 763 1696; x_wconf 91' lang='lat' dir='ltr'>templi</span> <span class='ocrx_word' id='word_1_190' title='bbox 779 1640 1009 1696; x_wconf 82' lang='lat' dir='ltr'>repurgati</span> <span class='ocrx_word' id='word_1_191' title='bbox 1032 1641 1116 1682; x_wconf 93' lang='lat' dir='ltr'>sub</span> <span class='ocrx_word' id='word_1_192' title='bbox 1140 1640 1442 1683; x_wconf 88' lang='lat' dir='ltr'>Machabbeis.</span> <span class='ocrx_word' id='word_1_193' title='bbox 1464 1640 1665 1682; x_wconf 88' lang='lat' dir='ltr'>Accessit</span> <span class='ocrx_word' id='word_1_194' title='bbox 1688 1655 1812 1696; x_wconf 89' lang='lat' dir='ltr'>prae-</span> 
     </span>
     <span class='ocr_line' id='line_1_22' title="bbox 116 1710 1813 1766; baseline -0.001 -13"><span class='ocrx_word' id='word_1_195' title='bbox 116 1715 240 1753; x_wconf 88' lang='lat' dir='ltr'>terea</span> <span class='ocrx_word' id='word_1_196' title='bbox 262 1711 430 1753; x_wconf 83' lang='lat' dir='ltr'>festum</span> <span class='ocrx_word' id='word_1_197' title='bbox 452 1710 733 1753; x_wconf 90' lang='lat' dir='ltr'>liberationis</span> <span class='ocrx_word' id='word_1_198' title='bbox 756 1711 810 1752; x_wconf 91' lang='lat' dir='ltr'>de</span> <span class='ocrx_word' id='word_1_199' title='bbox 835 1711 1082 1766; x_wconf 86' lang='lat' dir='ltr'>Babylone.</span> <span class='ocrx_word' id='word_1_200' title='bbox 1110 1712 1229 1753; x_wconf 90' lang='lat' dir='ltr'>Item</span> <span class='ocrx_word' id='word_1_201' title='bbox 1252 1711 1375 1753; x_wconf 85' lang='lat' dir='ltr'>aliud</span> <span class='ocrx_word' id='word_1_202' title='bbox 1397 1711 1565 1753; x_wconf 84' lang='lat' dir='ltr'>festum</span> <span class='ocrx_word' id='word_1_203' title='bbox 1587 1711 1813 1753; x_wconf 88' lang='lat' dir='ltr'>liberatio-</span> 
     </span>
     <span class='ocr_line' id='line_1_23' title="bbox 115 1781 1813 1836; baseline 0 -13"><span class='ocrx_word' id='word_1_204' title='bbox 115 1781 184 1823; x_wconf 91' lang='lat' dir='ltr'>nis</span> <span class='ocrx_word' id='word_1_205' title='bbox 216 1782 300 1823; x_wconf 88' lang='lat' dir='ltr'>sub</span> <span class='ocrx_word' id='word_1_206' title='bbox 333 1783 499 1824; x_wconf 87' lang='lat' dir='ltr'>Hester</span> <span class='ocrx_word' id='word_1_207' title='bbox 530 1786 576 1824; x_wconf 92' lang='lat' dir='ltr'>et</span> <span class='ocrx_word' id='word_1_208' title='bbox 608 1782 775 1823; x_wconf 89' lang='lat' dir='ltr'>iterum</span> <span class='ocrx_word' id='word_1_209' title='bbox 807 1781 932 1824; x_wconf 88' lang='lat' dir='ltr'>aliud</span> <span class='ocrx_word' id='word_1_210' title='bbox 963 1783 1047 1824; x_wconf 91' lang='lat' dir='ltr'>sub</span> <span class='ocrx_word' id='word_1_211' title='bbox 1079 1782 1224 1836; x_wconf 89' lang='lat' dir='ltr'>Judit.</span> <span class='ocrx_word' id='word_1_212' title='bbox 1261 1782 1332 1824; x_wconf 90' lang='lat' dir='ltr'>Sic</span> <span class='ocrx_word' id='word_1_213' title='bbox 1365 1781 1539 1824; x_wconf 83' lang='lat' dir='ltr'>factum</span> <span class='ocrx_word' id='word_1_214' title='bbox 1571 1781 1658 1823; x_wconf 79' lang='lat' dir='ltr'>fuit</span> <span class='ocrx_word' id='word_1_215' title='bbox 1691 1787 1736 1824; x_wconf 92' lang='lat' dir='ltr'>et</span> <span class='ocrx_word' id='word_1_216' title='bbox 1768 1782 1813 1823; x_wconf 92' lang='lat' dir='ltr'>in</span> 
     </span>
     <span class='ocr_line' id='line_1_24' title="bbox 116 1851 1810 1908; baseline 0 -13"><span class='ocrx_word' id='word_1_217' title='bbox 116 1852 328 1908; x_wconf 85' lang='lat' dir='ltr'>Ungaria‚</span> <span class='ocrx_word' id='word_1_218' title='bbox 365 1857 418 1894; x_wconf 92' lang='lat' dir='ltr'>ut</span> <span class='ocrx_word' id='word_1_219' title='bbox 454 1851 760 1895; x_wconf 89' lang='lat' dir='ltr'>crescentibus</span> <span class='ocrx_word' id='word_1_220' title='bbox 794 1852 1022 1895; x_wconf 88' lang='lat' dir='ltr'>beneficiis</span> <span class='ocrx_word' id='word_1_221' title='bbox 1057 1852 1141 1895; x_wconf 91' lang='lat' dir='ltr'>Dei</span> <span class='ocrx_word' id='word_1_222' title='bbox 1175 1852 1222 1894; x_wconf 92' lang='lat' dir='ltr'>in</span> <span class='ocrx_word' id='word_1_223' title='bbox 1256 1852 1489 1895; x_wconf 87' lang='lat' dir='ltr'>nationem</span> <span class='ocrx_word' id='word_1_224' title='bbox 1523 1853 1810 1908; x_wconf 82' lang='lat' dir='ltr'>Ungaricam,</span> 
     </span>
     <span class='ocr_line' id='line_1_25' title="bbox 116 1923 1813 1979; baseline 0 -14"><span class='ocrx_word' id='word_1_225' title='bbox 116 1928 363 1965; x_wconf 84' lang='lat' dir='ltr'>crescerent</span> <span class='ocrx_word' id='word_1_226' title='bbox 389 1923 529 1965; x_wconf 91' lang='lat' dir='ltr'>etiam</span> <span class='ocrx_word' id='word_1_227' title='bbox 555 1923 686 1973; x_wconf 78' lang='lat' dir='ltr'>festa,</span> <span class='ocrx_word' id='word_1_228' title='bbox 704 1923 751 1964; x_wconf 92' lang='lat' dir='ltr'>in</span> <span class='ocrx_word' id='word_1_229' title='bbox 772 1923 938 1979; x_wconf 86' lang='lat' dir='ltr'>quibus</span> <span class='ocrx_word' id='word_1_230' title='bbox 963 1923 1232 1979; x_wconf 89' lang='lat' dir='ltr'>copiosiores</span> <span class='ocrx_word' id='word_1_231' title='bbox 1257 1925 1353 1965; x_wconf 92' lang='lat' dir='ltr'>Deo</span> <span class='ocrx_word' id='word_1_232' title='bbox 1380 1928 1619 1979; x_wconf 79' lang='lat' dir='ltr'>agerentur</span> <span class='ocrx_word' id='word_1_233' title='bbox 1643 1923 1813 1978; x_wconf 81' lang='lat' dir='ltr'>gratiae</span> 
     </span>
     <span class='ocr_line' id='line_1_26' title="bbox 59 1993 1812 2049; baseline -0.001 -12"><span class='ocrx_word' id='word_1_234' title='bbox 59 2010 100 2037; x_wconf 75' lang='lat'>-25</span> <span class='ocrx_word' id='word_1_235' title='bbox 116 2008 196 2049; x_wconf 94' lang='lat' dir='ltr'>pro</span> <span class='ocrx_word' id='word_1_236' title='bbox 232 1994 430 2049; x_wconf 89' lang='lat' dir='ltr'>acceptis</span> <span class='ocrx_word' id='word_1_237' title='bbox 465 1993 706 2036; x_wconf 89' lang='lat' dir='ltr'>beneficiis.</span> <span class='ocrx_word' id='word_1_238' title='bbox 747 1995 808 2035; x_wconf 88' lang='lat' dir='ltr'>Et</span> <span class='ocrx_word' id='word_1_239' title='bbox 844 1994 952 2049; x_wconf 89' lang='lat' dir='ltr'>quia</span> <span class='ocrx_word' id='word_1_240' title='bbox 987 2008 1067 2049; x_wconf 89' lang='lat' dir='ltr'>per</span> <span class='ocrx_word' id='word_1_241' title='bbox 1102 1994 1260 2036; x_wconf 79' lang='lat' dir='ltr'>divum</span> <span class='ocrx_word' id='word_1_242' title='bbox 1297 1995 1581 2049; x_wconf 90' lang='lat' dir='ltr'>Stephanum</span> <span class='ocrx_word' id='word_1_243' title='bbox 1616 1994 1812 2049; x_wconf 88' lang='lat' dir='ltr'>primum</span> 
     </span>
     <span class='ocr_line' id='line_1_27' title="bbox 114 2064 1809 2119; baseline -0.001 -13"><span class='ocrx_word' id='word_1_244' title='bbox 114 2079 264 2119; x_wconf 83' lang='lat' dir='ltr'>regem</span> <span class='ocrx_word' id='word_1_245' title='bbox 311 2064 572 2107; x_wconf 86' lang='lat' dir='ltr'>Pannoniae</span> <span class='ocrx_word' id='word_1_246' title='bbox 619 2065 680 2107; x_wconf 87' lang='lat' dir='ltr'>ad</span> <span class='ocrx_word' id='word_1_247' title='bbox 724 2065 862 2107; x_wconf 89' lang='lat' dir='ltr'>fidem</span> <span class='ocrx_word' id='word_1_248' title='bbox 908 2064 1181 2107; x_wconf 89' lang='lat' dir='ltr'>catholicam</span> <span class='ocrx_word' id='word_1_249' title='bbox 1228 2064 1398 2119; x_wconf 82' lang='lat' dir='ltr'>Ungari</span> <span class='ocrx_word' id='word_1_250' title='bbox 1444 2069 1550 2106; x_wconf 93' lang='lat' dir='ltr'>sunt</span> <span class='ocrx_word' id='word_1_251' title='bbox 1598 2064 1809 2113; x_wconf 85' lang='lat' dir='ltr'>traducti,</span> 
     </span>
     <span class='ocr_line' id='line_1_28' title="bbox 116 2134 1812 2191; baseline 0 -15"><span class='ocrx_word' id='word_1_252' title='bbox 116 2134 304 2177; x_wconf 89' lang='lat' dir='ltr'>iuvante</span> <span class='ocrx_word' id='word_1_253' title='bbox 340 2136 506 2177; x_wconf 91' lang='lat' dir='ltr'>Sancto</span> <span class='ocrx_word' id='word_1_254' title='bbox 543 2135 807 2184; x_wconf 86' lang='lat' dir='ltr'>Adalberto,</span> <span class='ocrx_word' id='word_1_255' title='bbox 845 2149 924 2191; x_wconf 93' lang='lat' dir='ltr'>per</span> <span class='ocrx_word' id='word_1_256' title='bbox 959 2136 1178 2177; x_wconf 90' lang='lat' dir='ltr'>Sanctum</span> <span class='ocrx_word' id='word_1_257' title='bbox 1213 2135 1474 2177; x_wconf 82' lang='lat' dir='ltr'>Ladjslaum</span> <span class='ocrx_word' id='word_1_258' title='bbox 1509 2134 1668 2176; x_wconf 91' lang='lat' dir='ltr'>eadem</span> <span class='ocrx_word' id='word_1_259' title='bbox 1702 2135 1812 2176; x_wconf 90' lang='lat' dir='ltr'>fides</span> 
     </span>
     <span class='ocr_line' id='line_1_29' title="bbox 115 2205 1811 2261; baseline 0 -15"><span class='ocrx_word' id='word_1_260' title='bbox 115 2205 162 2247; x_wconf 92' lang='lat' dir='ltr'>in</span> <span class='ocrx_word' id='word_1_261' title='bbox 191 2205 362 2248; x_wconf 87' lang='lat' dir='ltr'>vicinas</span> <span class='ocrx_word' id='word_1_262' title='bbox 392 2205 531 2248; x_wconf 88' lang='lat' dir='ltr'>etiam</span> <span class='ocrx_word' id='word_1_263' title='bbox 562 2206 821 2261; x_wconf 88' lang='lat' dir='ltr'>provincias</span> <span class='ocrx_word' id='word_1_264' title='bbox 851 2210 918 2248; x_wconf 91' lang='lat' dir='ltr'>est</span> <span class='ocrx_word' id='word_1_265' title='bbox 950 2210 1230 2261; x_wconf 83' lang='lat' dir='ltr'>propagata;</span> <span class='ocrx_word' id='word_1_266' title='bbox 1263 2210 1309 2246; x_wconf 89' lang='lat' dir='ltr'>et</span> <span class='ocrx_word' id='word_1_267' title='bbox 1339 2219 1418 2260; x_wconf 92' lang='lat' dir='ltr'>per</span> <span class='ocrx_word' id='word_1_268' title='bbox 1447 2205 1665 2246; x_wconf 89' lang='lat' dir='ltr'>Sanctum</span> <span class='ocrx_word' id='word_1_269' title='bbox 1695 2206 1811 2247; x_wconf 91' lang='lat' dir='ltr'>Mar-</span> 
     </span>
     <span class='ocr_line' id='line_1_30' title="bbox 116 2275 1811 2325; baseline -0.001 -8"><span class='ocrx_word' id='word_1_270' title='bbox 116 2276 277 2325; x_wconf 89' lang='lat' dir='ltr'>tinum,</span> <span class='ocrx_word' id='word_1_271' title='bbox 334 2277 554 2319; x_wconf 91' lang='lat' dir='ltr'>Sanctum</span> <span class='ocrx_word' id='word_1_272' title='bbox 607 2276 881 2325; x_wconf 88' lang='lat' dir='ltr'>Emericum,</span> <span class='ocrx_word' id='word_1_273' title='bbox 944 2277 1160 2318; x_wconf 83' lang='lat' dir='ltr'>Sanctam</span> <span class='ocrx_word' id='word_1_274' title='bbox 1214 2275 1538 2323; x_wconf 88' lang='lat' dir='ltr'>Elisabetham‚</span> <span class='ocrx_word' id='word_1_275' title='bbox 1595 2275 1811 2317; x_wconf 92' lang='lat' dir='ltr'>Sanctam</span> 
     </span>
     <span class='ocr_line' id='line_1_31' title="bbox 62 2346 1810 2403; baseline -0.002 -14"><span class='ocrx_word' id='word_1_276' title='bbox 62 2363 101 2390; x_wconf 84' lang='lat'>30</span> <span class='ocrx_word' id='word_1_277' title='bbox 116 2348 420 2403; x_wconf 88' lang='lat' dir='ltr'>Margaretam</span> <span class='ocrx_word' id='word_1_278' title='bbox 451 2352 496 2389; x_wconf 89' lang='lat' dir='ltr'>et</span> <span class='ocrx_word' id='word_1_279' title='bbox 529 2347 639 2389; x_wconf 87' lang='lat' dir='ltr'>alios</span> <span class='ocrx_word' id='word_1_280' title='bbox 676 2347 880 2403; x_wconf 89' lang='lat' dir='ltr'>proprios</span> <span class='ocrx_word' id='word_1_281' title='bbox 915 2351 1132 2402; x_wconf 91' lang='lat' dir='ltr'>patronos</span> <span class='ocrx_word' id='word_1_282' title='bbox 1167 2346 1213 2387; x_wconf 90' lang='lat' dir='ltr'>in</span> <span class='ocrx_word' id='word_1_283' title='bbox 1248 2346 1336 2387; x_wconf 90' lang='lat' dir='ltr'>fide</span> <span class='ocrx_word' id='word_1_284' title='bbox 1372 2349 1530 2387; x_wconf 85' lang='lat' dir='ltr'>sancta</span> <span class='ocrx_word' id='word_1_285' title='bbox 1565 2350 1671 2386; x_wconf 92' lang='lat' dir='ltr'>sunt</span> <span class='ocrx_word' id='word_1_286' title='bbox 1707 2360 1810 2387; x_wconf 90' lang='lat' dir='ltr'>con-</span> 
     </span>
     <span class='ocr_line' id='line_1_32' title="bbox 118 2415 1811 2473; baseline -0.002 -13"><span class='ocrx_word' id='word_1_287' title='bbox 118 2418 286 2460; x_wconf 86' lang='lat' dir='ltr'>servati</span> <span class='ocrx_word' id='word_1_288' title='bbox 322 2423 367 2460; x_wconf 91' lang='lat' dir='ltr'>et</span> <span class='ocrx_word' id='word_1_289' title='bbox 404 2418 489 2473; x_wconf 92' lang='lat' dir='ltr'>piis</span> <span class='ocrx_word' id='word_1_290' title='bbox 526 2418 743 2473; x_wconf 83' lang='lat' dir='ltr'>exemplis</span> <span class='ocrx_word' id='word_1_291' title='bbox 779 2432 935 2459; x_wconf 88' lang='lat' dir='ltr'>eorum</span> <span class='ocrx_word' id='word_1_292' title='bbox 972 2417 1031 2459; x_wconf 90' lang='lat' dir='ltr'>ad</span> <span class='ocrx_word' id='word_1_293' title='bbox 1077 2431 1257 2458; x_wconf 89' lang='lat' dir='ltr'>omnem</span> <span class='ocrx_word' id='word_1_294' title='bbox 1294 2415 1570 2471; x_wconf 86' lang='lat' dir='ltr'>probitatem</span> <span class='ocrx_word' id='word_1_295' title='bbox 1606 2420 1652 2457; x_wconf 94' lang='lat' dir='ltr'>et</span> <span class='ocrx_word' id='word_1_296' title='bbox 1688 2415 1811 2458; x_wconf 84' lang='lat' dir='ltr'>vitae</span> 
     </span>
     <span class='ocr_line' id='line_1_33' title="bbox 117 2486 1813 2545; baseline -0.001 -15"><span class='ocrx_word' id='word_1_297' title='bbox 117 2488 466 2531; x_wconf 90' lang='lat' dir='ltr'>sanctimoniam</span> <span class='ocrx_word' id='word_1_298' title='bbox 491 2488 727 2545; x_wconf 87' lang='lat' dir='ltr'>provocati</span> <span class='ocrx_word' id='word_1_299' title='bbox 760 2493 804 2530; x_wconf 92' lang='lat' dir='ltr'>et</span> <span class='ocrx_word' id='word_1_300' title='bbox 837 2487 961 2543; x_wconf 89' lang='lat' dir='ltr'>apud</span> <span class='ocrx_word' id='word_1_301' title='bbox 985 2489 1133 2529; x_wconf 91' lang='lat' dir='ltr'>Deum</span> <span class='ocrx_word' id='word_1_302' title='bbox 1157 2486 1403 2542; x_wconf 90' lang='lat' dir='ltr'>plurimum</span> <span class='ocrx_word' id='word_1_303' title='bbox 1427 2500 1582 2528; x_wconf 92' lang='lat' dir='ltr'>eorum</span> <span class='ocrx_word' id='word_1_304' title='bbox 1606 2486 1813 2541; x_wconf 89' lang='lat' dir='ltr'>precibus</span> 
     </span>
     <span class='ocr_line' id='line_1_34' title="bbox 118 2556 1812 2615; baseline -0.002 -15"><span class='ocrx_word' id='word_1_305' title='bbox 118 2559 276 2608; x_wconf 81' lang='lat' dir='ltr'>adiuti,</span> <span class='ocrx_word' id='word_1_306' title='bbox 303 2564 348 2601; x_wconf 89' lang='lat' dir='ltr'>et</span> <span class='ocrx_word' id='word_1_307' title='bbox 372 2559 613 2608; x_wconf 89' lang='lat' dir='ltr'>miraculis,</span> <span class='ocrx_word' id='word_1_308' title='bbox 640 2574 756 2615; x_wconf 88' lang='lat' dir='ltr'>quae</span> <span class='ocrx_word' id='word_1_309' title='bbox 780 2561 902 2601; x_wconf 92' lang='lat' dir='ltr'>Deus</span> <span class='ocrx_word' id='word_1_310' title='bbox 926 2572 1004 2613; x_wconf 92' lang='lat' dir='ltr'>per</span> <span class='ocrx_word' id='word_1_311' title='bbox 1026 2557 1124 2599; x_wconf 89' lang='lat' dir='ltr'>illos</span> <span class='ocrx_word' id='word_1_312' title='bbox 1147 2562 1214 2599; x_wconf 90' lang='lat' dir='ltr'>est</span> <span class='ocrx_word' id='word_1_313' title='bbox 1238 2561 1463 2612; x_wconf 87' lang='lat' dir='ltr'>operatus,</span> <span class='ocrx_word' id='word_1_314' title='bbox 1490 2561 1590 2598; x_wconf 93' lang='lat' dir='ltr'>tota</span> <span class='ocrx_word' id='word_1_315' title='bbox 1613 2556 1812 2612; x_wconf 82' lang='lat' dir='ltr'>Ungaria</span> 
     </span>
     <span class='ocr_line' id='line_1_35' title="bbox 117 2627 1812 2684; baseline -0.001 -13"><span class='ocrx_word' id='word_1_316' title='bbox 117 2633 185 2671; x_wconf 88' lang='lat' dir='ltr'>est</span> <span class='ocrx_word' id='word_1_317' title='bbox 219 2630 461 2672; x_wconf 87' lang='lat' dir='ltr'>decorata:</span> <span class='ocrx_word' id='word_1_318' title='bbox 499 2630 661 2672; x_wconf 91' lang='lat' dir='ltr'>merito</span> <span class='ocrx_word' id='word_1_319' title='bbox 695 2629 821 2672; x_wconf 88' lang='lat' dir='ltr'>natio</span> <span class='ocrx_word' id='word_1_320' title='bbox 855 2628 1081 2684; x_wconf 82' lang='lat' dir='ltr'>Ungarica</span> <span class='ocrx_word' id='word_1_321' title='bbox 1113 2627 1160 2669; x_wconf 89' lang='lat' dir='ltr'>in</span> <span class='ocrx_word' id='word_1_322' title='bbox 1192 2627 1457 2669; x_wconf 89' lang='lat' dir='ltr'>memoriam</span> <span class='ocrx_word' id='word_1_323' title='bbox 1491 2627 1812 2683; x_wconf 88' lang='lat' dir='ltr'>sempiternam</span> 
     </span>
     <span class='ocr_line' id='line_1_36' title="bbox 61 2698 1487 2756; baseline -0.001 -14"><span class='ocrx_word' id='word_1_324' title='bbox 61 2715 101 2742; x_wconf 82' lang='lat'>35</span> <span class='ocrx_word' id='word_1_325' title='bbox 118 2700 257 2742; x_wconf 80' lang='lat' dir='ltr'>festos</span> <span class='ocrx_word' id='word_1_326' title='bbox 291 2701 386 2742; x_wconf 93' lang='lat' dir='ltr'>dies</span> <span class='ocrx_word' id='word_1_327' title='bbox 419 2701 621 2756; x_wconf 89' lang='lat' dir='ltr'>ipsorum</span> <span class='ocrx_word' id='word_1_328' title='bbox 656 2701 785 2743; x_wconf 87' lang='lat' dir='ltr'>annis</span> <span class='ocrx_word' id='word_1_329' title='bbox 819 2699 1003 2755; x_wconf 82' lang='lat' dir='ltr'>singulis</span> <span class='ocrx_word' id='word_1_330' title='bbox 1037 2703 1219 2740; x_wconf 91' lang='lat' dir='ltr'>tenetur</span> <span class='ocrx_word' id='word_1_331' title='bbox 1253 2698 1487 2740; x_wconf 87' lang='lat' dir='ltr'>celebrare.</span> 
     </span>
    </p>

    <p class='ocr_par' dir='ltr' id='par_1_3' title="bbox 117 2768 1811 3040">
     <span class='ocr_line' id='line_1_37' title="bbox 248 2768 1810 2827; baseline -0.001 -14"><span class='ocrx_word' id='word_1_332' title='bbox 248 2772 288 2813; x_wconf 88' lang='grc'>8.</span> <span class='ocrx_word' id='word_1_333' title='bbox 315 2772 369 2813; x_wconf 91' lang='lat' dir='ltr'>In</span> <span class='ocrx_word' id='word_1_334' title='bbox 391 2772 602 2814; x_wconf 92' lang='lat' dir='ltr'>omnibus</span> <span class='ocrx_word' id='word_1_335' title='bbox 624 2771 867 2827; x_wconf 83' lang='lat' dir='ltr'>provinciis</span> <span class='ocrx_word' id='word_1_336' title='bbox 889 2775 933 2812; x_wconf 91' lang='lat' dir='ltr'>et</span> <span class='ocrx_word' id='word_1_337' title='bbox 956 2769 1101 2824; x_wconf 81' lang='lat' dir='ltr'>regnis</span> <span class='ocrx_word' id='word_1_338' title='bbox 1122 2769 1168 2810; x_wconf 91' lang='lat' dir='ltr'>in</span> <span class='ocrx_word' id='word_1_339' title='bbox 1189 2770 1274 2811; x_wconf 93' lang='lat' dir='ltr'>hoc</span> <span class='ocrx_word' id='word_1_340' title='bbox 1296 2783 1439 2811; x_wconf 90' lang='lat' dir='ltr'>unum</span> <span class='ocrx_word' id='word_1_341' title='bbox 1460 2783 1637 2811; x_wconf 88' lang='lat' dir='ltr'>summo</span> <span class='ocrx_word' id='word_1_342' title='bbox 1660 2768 1810 2811; x_wconf 92' lang='lat' dir='ltr'>studio</span> 
     </span>
     <span class='ocr_line' id='line_1_38' title="bbox 117 2839 1811 2888; baseline -0.001 -6"><span class='ocrx_word' id='word_1_343' title='bbox 117 2841 338 2884; x_wconf 89' lang='lat' dir='ltr'>catholico</span> <span class='ocrx_word' id='word_1_344' title='bbox 361 2843 587 2884; x_wconf 87' lang='lat' dir='ltr'>sacerdoti</span> <span class='ocrx_word' id='word_1_345' title='bbox 608 2848 653 2885; x_wconf 91' lang='lat' dir='ltr'>et</span> <span class='ocrx_word' id='word_1_346' title='bbox 677 2840 985 2885; x_wconf 89' lang='lat' dir='ltr'>concionatori</span> <span class='ocrx_word' id='word_1_347' title='bbox 1017 2840 1374 2882; x_wconf 91' lang='lat' dir='ltr'>incumbendum</span> <span class='ocrx_word' id='word_1_348' title='bbox 1406 2844 1487 2888; x_wconf 91' lang='lat' dir='ltr'>est,</span> <span class='ocrx_word' id='word_1_349' title='bbox 1522 2844 1575 2881; x_wconf 91' lang='lat' dir='ltr'>ut</span> <span class='ocrx_word' id='word_1_350' title='bbox 1607 2840 1654 2881; x_wconf 92' lang='lat' dir='ltr'>in</span> <span class='ocrx_word' id='word_1_351' title='bbox 1687 2839 1811 2881; x_wconf 93' lang='lat' dir='ltr'>cultu</span> 
     </span>
     <span class='ocr_line' id='line_1_39' title="bbox 120 2910 1811 2961; baseline -0.001 -8"><span class='ocrx_word' id='word_1_352' title='bbox 120 2911 288 2961; x_wconf 83' lang='lat' dir='ltr'>divino,</span> <span class='ocrx_word' id='word_1_353' title='bbox 316 2913 617 2956; x_wconf 89' lang='lat' dir='ltr'>celebratione</span> <span class='ocrx_word' id='word_1_354' title='bbox 643 2913 863 2955; x_wconf 75' lang='lat' dir='ltr'>festorum</span> <span class='ocrx_word' id='word_1_355' title='bbox 888 2916 933 2953; x_wconf 91' lang='lat' dir='ltr'>et</span> <span class='ocrx_word' id='word_1_356' title='bbox 959 2910 1221 2953; x_wconf 92' lang='lat' dir='ltr'>ceremoniis</span> <span class='ocrx_word' id='word_1_357' title='bbox 1246 2910 1485 2952; x_wconf 80' lang='lat' dir='ltr'>concordia</span> <span class='ocrx_word' id='word_1_358' title='bbox 1510 2910 1741 2952; x_wconf 90' lang='lat' dir='ltr'>doctrinae</span> <span class='ocrx_word' id='word_1_359' title='bbox 1766 2914 1811 2951; x_wconf 92' lang='lat' dir='ltr'>et</span> 
     </span>
     <span class='ocr_line' id='line_1_40' title="bbox 119 2980 1809 3040; baseline -0.001 -17"><span class='ocrx_word' id='word_1_360' title='bbox 119 2983 400 3025; x_wconf 89' lang='lat' dir='ltr'>consuetudo</span> <span class='ocrx_word' id='word_1_361' title='bbox 424 2984 616 3040; x_wconf 90' lang='lat' dir='ltr'>antiqua</span> <span class='ocrx_word' id='word_1_362' title='bbox 639 2982 897 3039; x_wconf 85' lang='lat' dir='ltr'>provinciae</span> <span class='ocrx_word' id='word_1_363' title='bbox 921 2986 1126 3023; x_wconf 89' lang='lat' dir='ltr'>servetur</span> <span class='ocrx_word' id='word_1_364' title='bbox 1147 2995 1153 3022; x_wconf 90' lang='grc'>;</span> <span class='ocrx_word' id='word_1_365' title='bbox 1181 2995 1236 3022; x_wconf 93' lang='lat' dir='ltr'>ne</span> <span class='ocrx_word' id='word_1_366' title='bbox 1261 2981 1450 3036; x_wconf 89' lang='lat' dir='ltr'>quilibet</span> <span class='ocrx_word' id='word_1_367' title='bbox 1466 2980 1513 3022; x_wconf 94' lang='lat' dir='ltr'>in</span> <span class='ocrx_word' id='word_1_368' title='bbox 1527 2995 1608 3022; x_wconf 92' lang='lat' dir='ltr'>suo</span> <span class='ocrx_word' id='word_1_369' title='bbox 1633 2980 1809 3036; x_wconf 84' lang='lat' dir='ltr'>angulo,</span> 
     </span>
    </p>

    <p class='ocr_par' dir='ltr' id='par_1_4' title="bbox 62 3050 1813 3184">
     <span class='ocr_line' id='line_1_41' title="bbox 62 3050 1813 3109; baseline -0.002 -14"><span class='ocrx_word' id='word_1_370' title='bbox 62 3067 101 3095; x_wconf 71' lang='grc' dir='ltr'>4ο</span> <span class='ocrx_word' id='word_1_371' title='bbox 118 3052 299 3108; x_wconf 87' lang='lat' dir='ltr'>suisque</span> <span class='ocrx_word' id='word_1_372' title='bbox 318 3054 504 3096; x_wconf 89' lang='lat' dir='ltr'>latebris</span> <span class='ocrx_word' id='word_1_373' title='bbox 524 3069 645 3097; x_wconf 88' lang='lat' dir='ltr'>nova</span> <span class='ocrx_word' id='word_1_374' title='bbox 665 3055 894 3109; x_wconf 79' lang='lat' dir='ltr'>dogmata,</span> <span class='ocrx_word' id='word_1_375' title='bbox 916 3066 1060 3094; x_wconf 87' lang='lat' dir='ltr'>novos</span> <span class='ocrx_word' id='word_1_376' title='bbox 1079 3051 1193 3093; x_wconf 91' lang='lat' dir='ltr'>ritus</span> <span class='ocrx_word' id='word_1_377' title='bbox 1213 3056 1257 3093; x_wconf 94' lang='lat' dir='ltr'>et</span> <span class='ocrx_word' id='word_1_378' title='bbox 1277 3065 1398 3093; x_wconf 85' lang='lat' dir='ltr'>nova</span> <span class='ocrx_word' id='word_1_379' title='bbox 1413 3052 1530 3093; x_wconf 77' lang='lat' dir='ltr'>festa</span> <span class='ocrx_word' id='word_1_380' title='bbox 1553 3052 1620 3106; x_wconf 89' lang='lat' dir='ltr'>(ut</span> <span class='ocrx_word' id='word_1_381' title='bbox 1644 3050 1813 3106; x_wconf 89' lang='lat' dir='ltr'>passim</span> 
     </span>
     <span class='ocr_line' id='line_1_42' title="bbox 120 3121 1812 3184; baseline 0.001 -21"><span class='ocrx_word' id='word_1_382' title='bbox 120 3122 292 3184; x_wconf 84' lang='lat' dir='ltr'>faciunt</span> <span class='ocrx_word' id='word_1_383' title='bbox 329 3124 558 3180; x_wconf 86' lang='lat' dir='ltr'>haeretici)</span> <span class='ocrx_word' id='word_1_384' title='bbox 596 3125 777 3176; x_wconf 86' lang='lat' dir='ltr'>excitet,</span> <span class='ocrx_word' id='word_1_385' title='bbox 813 3122 1183 3178; x_wconf 79' lang='lat' dir='ltr'>excogitatosque</span> <span class='ocrx_word' id='word_1_386' title='bbox 1223 3122 1424 3164; x_wconf 85' lang='lat' dir='ltr'>invehat.</span> <span class='ocrx_word' id='word_1_387' title='bbox 1469 3122 1557 3163; x_wconf 90' lang='lat' dir='ltr'>Sed</span> <span class='ocrx_word' id='word_1_388' title='bbox 1596 3121 1812 3177; x_wconf 90' lang='lat' dir='ltr'>quemad-</span> 
     </span>
    </p>
   </div>
  </div>
 </body>
</html>
