2188 3535
733 207 876 245 Eloszo
907 228 957 235 —
984 209 1188 246 Praefatio

176 321 217 363 A
274 319 367 375 regi
424 319 599 361 levelek
657 321 931 365 kiadasakor

116 412 240 440 szem
256 397 368 440 elott
385 397 494 452 tartj
502 398 565 440 uk
580 398 931 442 termeszetesen

119 489 147 516 a
173 473 333 530 reajuk
359 474 620 516 vonatkozo
647 474 776 530 egesz
804 478 932 519 euro-

119 551 196 607 pai
233 550 452 593 torteneti
490 550 750 601 irodalmat,
792 552 932 608 mely-

120 629 209 671 nek
231 628 461 671 adalekait
485 629 719 684 gondosan
743 629 935 672 felhasz-

120 705 293 761 naljuk,
330 706 630 749 ellendrizziik
664 707 710 749 es
744 708 935 763 sziikseg

119 783 273 825 eseten
308 784 700 840 helyreigazitjuk.
738 785 779 827 A
814 800 935 842 meg-

121 860 252 903 1616Ιὸ
278 874 468 916 magyar
493 861 842 917 kiadvanyokra
869 863 935 905 vi-

120 942 252 979 szont
282 938 508 994 felhivjuk
536 953 563 981 a
591 938 785 982 kfflfoldi
814 940 938 982 olva-

120 1014 205 1056 sok
235 1014 484 1070 figyelmet.

181 1103 222 1145 A
259 1103 344 1145 mit
381 1103 609 1160 igertiink‚
648 1106 769 1148 arrol
806 1110 940 1148 tanu-

122 1176 254 1230 sagot
278 1175 405 1217 tehet
434 1175 587 1218 Veress
610 1176 763 1218 Endre
787 1178 940 1218 tanar-

126 1246 219 1287 nak
232 1259 259 1287 a
272 1245 409 1301 Magy
416 1259 466 1288 ar
479 1246 806 1301 Tudomanyos
820 1248 940 1289 Aka-

125 1317 276 1359 demia
317 1317 600 1359 kiadasaban
643 1317 777 1373 eddig
820 1332 940 1374 meg-

124 1388 264 1443 ]'elent
294 1388 372 1429 ket
403 1388 681 1442 kiadvanya,
713 1388 939 1431 valamint

124 1473 154 1500 a
193 1458 411 1501 Vatikani
452 1459 642 1513 Magyar
681 1459 940 1502 Okirattar-

129 1529 364 1584 Bizottsag
414 1528 525 1570 altal
575 1528 757 1571 kiadott
810 1544 940 1573 mun-

125 1600 273 1657 kaja*
320 1600 366 1642 es
414 1599 701 1642 vallalatunk
751 1615 800 1642 ez
849 1602 941 1645 els6

125 1672 281 1714 kotete
332 1670 384 1721 is,
439 1671 560 1726 mely
612 1672 842 1729 esinossag
894 1674 940 1716 e's

126 1742 561 1797 nyomdatechnikai
623 1745 941 1799 szempontbol

124 1814 163 1856 is
196 1813 408 1869 megallja
440 1814 593 1869 helyet
627 1840 685 1846 —
717 1819 791 1856 azt
825 1815 941 1857 hisz-

126 1887 239 1929 sziik
266 1912 324 1918 -—
352 1887 559 1942 barmely
588 1886 782 1928 kfilfoldi
813 1886 941 1929 kiad-

127 1958 252 2012 vany
283 1957 473 2000 mellett.

186 2029 226 2071 E
270 2030 400 2071 kotet
447 2042 501 2070 az
546 2028 735 2071 alolirott
780 2029 944 2071 czimen

127 2118 391 2160 rendelhet6
458 2131 559 2173 meg
625 2118 944 2173 postautalva-

127 2222 266 2263 nyon,
316 2207 438 2262 mely
486 2208 672 2250 esetben
721 2212 795 2250 azt
845 2208 943 2250 ber-

130 2301 316 2340 mentve
351 2298 599 2353 szallitjuk.
640 2298 777 2340 Mivel
813 2298 949 2354 pedig

129 2387 316 2429 minden
373 2388 503 2429 kotet
562 2387 728 2437 onallo,
788 2388 948 2429 kiilon-

130 2476 270 2518 kiilon
303 2476 341 2517 is
377 2477 767 2532 megrendelheto,
807 2477 862 2518 de
901 2491 952 2518 az

131 2565 225 2607 els6
275 2566 405 2607 kotet
458 2565 795 2621 megrendelese
848 2579 953 2606 nem

135 2653 310 2696 kotelez
342 2668 368 2695 a
399 2654 722 2696 tovabbiakra.

1759 216 1822 251 IX

1064 323 1117 365 In
1167 324 1352 367 edendis
1401 325 1566 370 litteris
1616 329 1820 385 antiquis

1003 397 1254 440 necessario
1285 411 1392 453 prae
1429 399 1570 441 oculis
1598 400 1821 442 habemus

1005 481 1160 509 omnes
1185 467 1468 512 litteraturas
1495 470 1729 526 Europeas
1755 471 1822 512 hi-

1005 539 1193 581 storicas
1220 543 1263 580 et
1286 539 1471 595 quidem
1507 541 1567 583 ad
1592 555 1667 583 eas
1692 556 1823 597 spec-

1006 614 1172 659 tantes,
1208 625 1402 667 quarum
1432 612 1606 668 adagiis
1640 626 1824 655 accura-

1006 681 1179 723 tissime
1211 682 1418 732 fruimur,
1451 697 1619 740 easque
1639 682 1826 727 investi-

1007 765 1165 807 gamus
1198 758 1243 795 et
1277 754 1546 796 necessitate
1575 759 1736 796 coacta
1765 755 1825 797 ad

1008 823 1145 865 fidem
1171 838 1328 867 veram
1357 824 1620 880 redigimus.
1653 825 1693 867 E
1722 839 1827 867 con-

1011 907 1140 936 verso
1177 899 1336 936 autern
1369 900 1572 937 mentem
1604 895 1827 938 lectorum

1011 969 1331 1007 extraneorum
1355 966 1415 1007 ad
1439 965 1662 1008 editiones
1698 967 1827 1009 Hun-

1011 1035 1184 1090 garicas
1203 1035 1372 1077 similes
1392 1035 1584 1092 dirigere
1599 1037 1825 1080 volumus.

1071 1106 1144 1148 Ad
1158 1106 1487 1161 promissorum
1502 1106 1641 1149 fidem
1654 1112 1828 1150 testan-

1013 1181 1090 1219 tur
1158 1177 1495 1232 praenominati
1565 1178 1829 1233 professoris

1014 1248 1221 1290 Andreae
1267 1248 1420 1290 Veress
1466 1249 1584 1291 duae
1639 1255 1830 1305 sumptu

1014 1318 1286 1360 Academiae
1320 1318 1603 1362 Litterarum
1642 1319 1830 1376 Hunga-

1013 1389 1131 1430 ricae
1154 1393 1199 1431 et
1232 1403 1351 1432 unae
1385 1395 1575 1446 sumptu
1611 1392 1829 1434 Commis-

1013 1461 1151 1503 sionis
1198 1462 1601 1504 Monumentorum
1646 1463 1830 1505 Vatica-

1016 1546 1179 1574 norum
1213 1531 1475 1588 Hungariae
1505 1533 1728 1575 editiones
1759 1547 1831 1575 us-

1016 1617 1104 1660 que
1140 1604 1200 1646 ad
1235 1604 1321 1646 hoc
1356 1608 1540 1658 tempus
1576 1604 1831 1659 proditae,*

1014 1678 1303 1731 testaturque
1339 1678 1384 1716 et
1420 1675 1506 1717 hoc
1541 1675 1719 1717 editum
1752 1689 1831 1717 vo—

1014 1746 1168 1789 lumen
1194 1747 1407 1802 primum,
1435 1746 1561 1801 quod
1586 1751 1831 1788 venustate

1016 1823 1060 1860 et
1077 1817 1410 1873 typographica
1425 1821 1523 1859 arte
1539 1817 1673 1859 iuxta
1689 1818 1832 1872 quod-

1014 1889 1084 1930 vis
1107 1893 1368 1931 exterorum
1391 1902 1506 1943 opus
1529 1892 1714 1930 strenue
1737 1902 1832 1930 rem

1016 1973 1167 2015 gerere
1212 1964 1380 2014 potest.

1075 2031 1176 2073 Hoc
1210 2031 1424 2074 volumen
1460 2030 1746 2086 infrascripto
1780 2031 1834 2073 ti-

1019 2103 1107 2145 tulo
1145 2103 1385 2145 subnotari
1424 2107 1576 2158 potest
1615 2102 1834 2145 mandato

1022 2174 1199 2229 postali,
1223 2178 1335 2216 tunc
1357 2173 1453 2215 sine
1476 2178 1668 2228 sumptu
1689 2178 1835 2215 trans-

1022 2244 1249 2300 portaturi
1293 2258 1463 2287 sumus.
1523 2245 1636 2287 Cum
1679 2248 1836 2286 autem

1021 2316 1198 2372 singula
1254 2315 1490 2357 volumina
1546 2315 1637 2356 sint
1694 2314 1741 2356 in
1791 2329 1837 2356 se

1022 2387 1322 2435 continentes,
1358 2385 1624 2441 singillatim
1654 2398 1837 2441 quoque

1027 2457 1264 2500 subnotari
1306 2461 1513 2511 possunt,
1554 2457 1633 2498 sed
1671 2457 1839 2498 subno-

1027 2528 1143 2570 tatio
1173 2528 1308 2582 primi
1337 2527 1584 2570 voluminis
1613 2528 1839 2569 neminem

1027 2599 1197 2654 obligat
1240 2599 1299 2640 ad
1338 2597 1620 2653 emptionem
1649 2612 1840 2654 sequen-

1027 2670 1160 2712 tium.

247 2811 267 2834 *
291 2811 505 2858 Epistolae
530 2816 572 2847 et
597 2815 692 2847 acta
718 2812 760 2846 P.
789 2811 947 2846 Alfonsi
972 2810 1141 2845 Carrilh'i
1167 2810 1204 2844 S.
1233 2810 1270 2856 J.
1293 2810 1594 2854 (1591—1618.)
1614 2809 1839 2854 Budapest,

139 2880 274 2928 19063'}
299 2882 506 2927 Epistolae
531 2885 573 2916 et
597 2885 692 2916 acta
716 2881 922 2916 Generalis
947 2880 1105 2925 Georgii
1130 2880 1258 2915 Basta
1283 2880 1584 2924 (1597—1607.)
1610 2879 1833 2924 Budapest,

139 2961 247 2996 1909.
269 2965 279 2994 3
299 2951 557 2987 Monumenta
577 2952 810 2998 Hungarz‘ae
831 2951 1031 2986 Historz'ca
1050 2951 1348 2996 Diplomataria
1368 2951 1447 2985 vol.
1473 2961 1519 2995 32
1540 2953 1583 2985 et
1606 2960 1665 2995 34.
1685 2963 1694 2990 ;
1716 2949 1833 2983 Rela-

134 3023 264 3058 tiones
291 3025 527 3059 nuntiorum
553 3025 879 3070 Apostolicorum
905 3024 947 3057 in
973 3023 1316 3058 Transsilvaniam
1339 3023 1551 3057 missorum
1579 3033 1602 3056 a
1629 3021 1832 3056 Clemente

137 3093 251 3130 VIII.
295 3097 623 3140 (1592—1600.);
664 3096 922 3130 Monumenta
957 3094 1147 3129 Vaticana
1186 3094 1431 3139 Hungariae.
1475 3093 1600 3128 Series
1642 3091 1832 3132 secunda,

136 3168 271 3202 tomus
301 3169 456 3204 tertius.
492 3169 714 3214 Budapest,
752 3178 860 3212 1909.
