2188 3535
367 221 440 256 170
1133 205 1207 239 No.
1237 213 1285 250 59
1716 205 1829 249 [1581
1865 208 1989 250 szept.
2029 214 2042 239 1

498 330 743 376 Postremo,
777 323 1025 380 gaudemus
1056 327 1101 364 et
1133 321 1262 364 nobis
1292 321 1364 364 hic
1403 322 1520 365 inter
1557 321 1843 365 densissimas
1880 321 2044 379 sylvas,

365 400 482 442 inter
510 397 677 454 gelidos
707 399 883 438 montes
914 398 959 435 et
990 392 1260 448 multiplices
1288 392 1416 442 feras,
1441 397 1678 450 tamquam
1707 393 1754 434 in
1784 392 1915 435 exilio
1946 406 2049 436 con·

364 469 564 513 stitutis:
603 465 725 523 quod
759 478 850 506 non
881 463 1153 514 dubitemus,
1187 477 1243 506 ex
1275 468 1407 506 tanta
1441 469 1624 506 tuarum
1659 463 1885 506 virtutum
1919 463 2049 506 uber·

367 544 474 588 tate,
507 551 622 594 quae
653 550 707 578 ex
739 535 864 577 fonte
895 534 1088 589 pectoris
1119 534 1187 576 tui
1218 539 1504 590 promanant,
1537 534 1712 590 aliquas
1741 547 1886 590 aquae
1917 534 2050 576 vivae

364 615 410 652 et
442 605 758 651 consolationis
790 605 993 661 guttulas
1026 618 1155 661 posse
1188 604 1432 661 aliquando
1464 605 1604 648 etiam
1636 604 1695 647 ad
1726 618 1809 647 nos
1841 604 2047 648 derivari.
2081 614 2098 642 5

365 681 428 723 Ut
460 683 626 726 autern,
662 678 796 719 Pater
827 675 1076 718 admodum
1109 675 1384 726 Reverende,
1417 675 1630 718 libentius
1661 674 1772 718 velis
1802 674 1932 718 nobis
1966 676 2051 730 (so-

364 750 492 792 lati01
517 747 639 790 omni
663 747 862 789 humano
885 746 1130 801 destitutis)
1157 746 1358 803 compati
1380 751 1425 789 et
1447 746 1651 789 exactius
1671 750 1824 788 totum
1844 750 2052 789 nostrum

363 824 536 862 statum
575 823 619 861 et
657 817 742 860 loci
779 817 912 860 huius
950 816 1291 873 dispositionem
1329 817 1472 873 possis
1509 830 1786 872 cognoscere,
1826 830 2052 872 exponam

364 890 560 947 primum
592 888 790 931 breviter
822 888 1045 931 rationem
1077 888 1220 931 nostri
1253 887 1453 939 itineris;
1490 887 1651 930 deinde
1685 901 1801 943 quae
1834 887 1880 929 in
1913 888 2052 930 Tran-

365 961 571 1018 sylvania
612 961 732 1002 bona
773 959 1040 1015 temporalia
1085 959 1346 1008 habeamus,
1391 958 1578 1001 tandem
1631 958 1732 1014 quis
1773 952 1891 1001 Ser'm'
1940 958 2054 1014 regis
2067 968 2100 995 10

365 1038 410 1075 et
437 1031 650 1088 principis
675 1030 817 1073 nostri
844 1030 914 1079 sit,
944 1044 1208 1086 semperque
1236 1029 1369 1072 fuerit
1397 1043 1501 1085 erga
1527 1043 1608 1072 nos
1635 1029 1841 1080 animusg
1870 1029 2053 1072 demum

366 1103 444 1159 qui
464 1103 536 1144 hic
557 1102 730 1144 fructus
752 1106 850 1144 toto
872 1101 956 1143 hoc
977 1101 1156 1143 biennio
1177 1100 1343 1143 fuerint
1359 1114 1438 1156 per
1452 1105 1604 1156 patres
1618 1105 1795 1143 nostros
1810 1100 1856 1142 in
1872 1099 2055 1143 Domini

366 1176 576 1217 horreum
601 1172 773 1215 collecti
798 1177 842 1214 et
867 1172 945 1228 qui
971 1172 1179 1228 deinceps
1204 1171 1371 1228 sperari
1396 1171 1581 1227 possint.
1611 1171 1857 1222 Postremo,
1882 1176 2055 1227 quanta

367 1245 425 1287 sit
459 1244 613 1300 populi
645 1243 778 1285 huius
812 1243 956 1299 pietas
989 1248 1034 1285 et
1068 1256 1183 1299 quae
1217 1242 1455 1298 praecipue
1487 1242 1534 1284 in
1566 1243 1651 1285 hoc
1684 1256 1819 1298 regno
1852 1242 2056 1284 haereses

368 1320 637 1372 grassentur.
681 1315 805 1357 Haec
843 1318 998 1356 autem
1035 1313 1188 1356 omnia
1225 1328 1276 1356 eo
1314 1312 1528 1356 libentius
1565 1313 1702 1356 semel
1739 1317 1897 1355 exacte
1934 1312 2057 1356 volui
2070 1321 2104 1349 15

368 1387 427 1429 ad
483 1387 628 1428 Tuam
684 1386 737 1428 R.
783 1384 878 1427 Ptem
933 1384 1214 1440 perscribere,
1260 1384 1383 1440 quod
1424 1384 1637 1440 ignorem,
1682 1384 1865 1440 quando
1906 1397 2058 1426 rursus

370 1458 503 1500 detur
550 1456 660 1498 mihi
707 1455 880 1498 occasio
913 1455 1134 1497 scribendi
1175 1456 1399 1506 Romam;
1450 1460 1550 1498 turn
1598 1460 1783 1510 propter
1856 1454 2058 1497 assiduas

369 1527 700 1583 occupationes,
736 1540 762 1569 a
794 1526 958 1582 quibus
989 1526 1064 1568 vix
1096 1526 1239 1568 ullum
1271 1526 1381 1568 mihi
1413 1525 1660 1582 respirandi
1692 1530 1872 1582 tempus
1903 1539 2057 1567 conce-

371 1599 506 1648 ditur,
546 1602 646 1640 tum
683 1597 932 1653 praecipue,
972 1597 1095 1653 quod
1129 1596 1352 1640 rarissime
1378 1596 1450 1638 hic
1475 1596 1604 1639 nobis
1633 1596 1785 1638 fideles
1820 1601 2056 1638 occurrant

372 1669 606 1718 tabellarii,
656 1668 819 1724 quibus
866 1682 1018 1710 secure
1066 1673 1243 1710 nostras
1290 1667 1443 1710 literas
1490 1666 1773 1709 committere
1821 1666 2106 1722 possimus.20

506 1741 630 1782 Duos
655 1739 773 1782 enirn
798 1740 1017 1781 hactenus
1041 1739 1253 1781 mittendi
1277 1738 1323 1780 in
1347 1739 1518 1782 Urbem
1540 1738 1693 1780 literas
1716 1738 1874 1780 modos
1898 1751 2057 1793 cogno-

372 1811 532 1854 vimus.
551 1810 728 1853 Primus
749 1815 828 1860 est‚
847 1815 898 1851 ut
915 1824 993 1865 per
1015 1809 1201 1852 nuncios
1223 1809 1435 1865 principis
1454 1808 1730 1857 Cracoviam,
1748 1808 1886 1859 velin
1908 1808 2059 1850 aulam

371 1882 484 1937 regis
516 1881 670 1924 literae
702 1886 882 1923 nostrae
915 1880 1159 1923 mittantur
1190 1885 1235 1923 et
1268 1880 1371 1922 hinc
1404 1879 1565 1922 deinde
1598 1881 1807 1928 Romam,
1842 1883 1887 1921 et
1920 1878 2059 1921 istum

371 1954 590 1994 hactenus
628 1952 813 1994 modum
851 1951 991 1993 secuti
1030 1965 1196 1993 sumus.
1237 1951 1405 1994 Verum
1441 1951 1552 1993 haec
1589 1950 1786 2006 primum
1822 1955 1890 1992 est
1928 1949 2060 1993 valde

373 2023 547 2079 prolixa
594 2022 680 2065 via.
731 2022 945 2065 Cracovia
993 2022 1112 2064 enim
1158 2022 1262 2064 hinc
1310 2021 1600 2064 tantumdem
1646 2021 1801 2071 distat,
1835 2025 2060 2076 quantum
2074 2032 2109 2060 τ)

373 2095 547 2136 Vienna
569 2098 613 2135 et
637 2107 663 2135 a
686 2093 900 2136 Cracovia
915 2093 1089 2135 Vienna
1110 2093 1240 2148 longe
1262 2092 1363 2148 plus
1385 2092 1539 2143 distat,
1559 2106 1698 2148 quam
1720 2092 1778 2134 ab
1799 2092 1884 2134 hac
1906 2096 2062 2134 nostra

374 2165 572 2206 civitate.
606 2164 650 2206 Si
679 2169 833 2206 autem
862 2163 1123 2206 deferantur
1150 2164 1305 2206 literae
1334 2163 1393 2206 ad
1421 2168 1570 2206 castra
1598 2162 1724 2219 regis,
1755 2162 2062 2218 duplicabitur

374 2236 472 2279 via:
507 2235 610 2277 hinc
642 2234 814 2277 factum
835 2240 916 2283 est,
941 2234 1064 2290 quod
1092 2248 1147 2277 ex
1174 2234 1325 2285 literis,
1361 2248 1476 2290 quae
1509 2236 1656 2277 Roma
1677 2233 1736 2276 ad
1756 2247 1838 2276 nos
1868 2233 2061 2289 scriptae

373 2311 492 2355 sunt,
521 2306 633 2348 aliae
659 2310 761 2362 post
788 2305 987 2348 medium
1016 2320 1199 2355 annum,
1224 2305 1337 2348 aliae
1363 2310 1466 2361 post
1491 2304 1717 2361 integrum
1742 2318 1912 2346 annum
1939 2303 2061 2346 fuere

374 2377 590 2426 redditae,
646 2377 871 2432 quaedam
908 2377 1047 2419 etiam
1088 2376 1270 2419 omnino
1308 2376 1604 2426 interierunt;
1644 2375 1804 2418 deinde
1841 2374 1916 2417 via
1951 2375 2061 2417 haec
2075 2386 2110 2414 30

375 2453 441 2490 est
470 2448 608 2490 etiam
636 2447 896 2503 periculosa,
927 2447 1051 2503 quod
1077 2447 1229 2489 nuncii
1257 2451 1354 2490 tarn
1381 2446 1494 2503 regis
1523 2446 1746 2495 Poloniae‚
1776 2459 1915 2501 quam
1942 2445 2061 2501 prin-

376 2519 485 2574 cipis
530 2518 897 2574 Transylvaniae,
946 2523 998 2560 ut
1045 2518 1290 2574 plurimum
1336 2531 1512 2574 semper
1557 2522 1663 2560 sunt
1709 2515 1935 2566 haeretici,
1984 2515 2062 2572 qui

376 2604 466 2631 non
491 2589 681 2631 libenter
707 2604 733 2632 a
759 2589 887 2632 nobis
913 2589 1164 2645 suscipiunt
1189 2589 1367 2632 literas:
1397 2589 1468 2631 vel
1494 2588 1531 2631 si
1556 2587 1818 2643 suscipiunt,
1838 2586 2059 2642 aperiunt,

377 2660 447 2702 vel
485 2659 713 2702 abiiciunt.
760 2660 955 2716 Quidam
991 2660 1095 2702 hinc
1117 2674 1172 2702 ex
1206 2659 1413 2715 patribus
1448 2659 1612 2702 nostris
1648 2658 1707 2701 ad
1742 2657 2063 2713 provincialem

377 2730 612 2785 scripserat
640 2736 683 2772 et
711 2731 862 2773 literas
888 2731 1021 2773 simul
1047 2745 1150 2773 cum
1176 2730 1389 2786 principis
1413 2730 1553 2772 literis
1579 2729 1761 2772 miserat
1782 2743 1789 2771 :
1836 2733 1881 2770 et
1908 2733 2063 2770 tamen
2076 2740 2112 2768 35

379 2801 559 2842 fuerunt
589 2807 769 2856 apertae
798 2807 843 2844 et
871 2801 1081 2844 remissae
1109 2802 1155 2843 in
1182 2802 1299 2843 hanc
1339 2801 1573 2843 civitatem
1602 2800 1661 2842 ad
1700 2798 2063 2843 concionatorem

379 2871 740 2920 haereticorum,²
771 2872 848 2928 qui
870 2887 945 2915 eas
966 2872 1142 2928 publice
1172 2872 1218 2913 in
1248 2871 1418 2927 templo
1447 2885 1598 2913 coram
1628 2869 1794 2926 populo
1823 2869 1942 2926 legit.
1976 2869 2064 2912 Sed

381 2942 494 2983 bene
527 2941 698 2983 factum
732 2942 830 2992 fuit,
867 2943 991 2999 quod
1022 2943 1132 2985 nihil
1164 2942 1209 2984 in
1242 2942 1327 2984 illis
1359 2941 1497 2984 literis
1530 2940 1849 2989 invenirentur,
1886 2954 1940 2983 ex
1973 2955 2064 2996 quo

380 3011 642 3054 scandalum
678 3013 811 3062 nasci,
850 3019 930 3056 aut
965 3027 1173 3056 accusare
1208 3026 1289 3055 nos
1323 3012 1417 3055 iure
1439 3012 1494 3054 de
1515 3011 1666 3068 aliqua
1700 3025 1746 3053 re
1777 3011 2028 3066 potuissent
2053 3025 2063 3062 ;

508 3113 521 3133 ¹
550 3114 606 3146 Az
634 3115 844 3160 eredetileg
873 3116 926 3150 irt
955 3116 1103 3150 auxilio
1129 3115 1318 3149 athuzva.
2078 3121 2112 3148 40

509 3172 522 3192 ²
553 3172 786 3206 Kolozsvari
814 3174 1009 3209 unitarius
1037 3175 1181 3209 lelkesz
1209 3174 1333 3208 ekkor
1359 3172 1553 3217 Hunyadi
1579 3172 1779 3206 Demeter.
