2188 3535
157 224 353 271 15791'1‘11.
390 226 455 269 20]
924 225 997 260 No.
1034 228 1082 262 26
1799 238 1846 273 79

150 342 265 385 lerit.
289 342 407 384 Nam
427 341 512 384 etsi
531 355 623 383 non
643 342 841 384 multum
861 343 1078 398 temporis
1097 348 1180 393 est,
1202 358 1257 386 ex
1277 358 1367 400 quo
1387 345 1474 386 huc
1496 359 1540 386 se
1561 345 1770 394 contulit,
1793 360 1845 387 ac

150 426 316 454 munus
341 412 465 454 istud
490 411 788 454 concionandi
810 413 1020 468 suscepit,
1049 419 1203 456 tamen
1229 414 1487 457 innumeros
1512 415 1842 470 propemodum

150 483 242 524 iam
282 483 509 532 mortales,
552 483 721 537 partim
773 483 988 533 infirmos,
1043 484 1089 525 in
1143 485 1231 527 fide
1284 490 1329 527 et
1383 490 1613 534 nutantes,
1676 486 1847 541 partim

151 553 265 594 falsa
290 552 491 608 quadam
514 553 802 608 persuasione
834 553 1048 603 imbutos,
1086 556 1145 597 ab
1179 570 1324 597 errore
1351 555 1410 597 ad
1429 570 1583 597 veram
1624 556 1845 611 pietatem

105 637 122 664 5
151 627 289 678 atque
311 623 570 678 religionem
592 623 813 666 traduxit.
859 625 959 680 Qua
993 625 1038 665 in
1073 640 1132 674 re,
1164 631 1380 680 putamus
1402 640 1519 675 eum,
1543 626 1589 667 in
1611 631 1844 681 posterum

150 693 290 735 etiam
312 693 436 735 omni
458 693 624 743 studio,
649 708 770 743 cura,
792 699 930 750 atque
954 695 1254 738 sollicitudine
1277 701 1321 738 et
1344 696 1488 745 nobis,
1513 701 1557 738 et
1581 696 1679 738 aliis
1702 697 1847 738 omni-

150 764 235 805 bus
255 763 599 806 satisfacturum
620 778 728 808 esse.
748 765 860 807 Cum
881 770 1035 806 autem
1057 780 1109 807 ea
1130 766 1188 807 sit
1209 766 1409 808 conditio
1430 766 1689 822 provinciae
1709 767 1846 808 huius

149 838 345 883 nostrae,
381 839 434 875 ut
469 834 563 876 sive
597 835 848 884 hominum,
885 835 979 877 sive
1014 836 1152 878 etiam
1187 842 1444 891 temporum
1479 837 1679 891 ipsorum
1714 837 1843 886 vitio,

149 904 321 946 multae
348 904 395 946 in
423 919 523 946 eam
550 905 758 948 invectae
786 906 876 947 sint
910 906 1080 948 alienae
1121 907 1231 948 satis
1259 912 1303 948 et
1332 907 1555 949 absurdae
1584 907 1638 949 de
1667 921 1846 949 summa

103 990 137 1018 ιο
149 974 253 1017 fidei
284 975 557 1018 christianae
588 975 835 1031 opiniones,
869 977 1094 1031 praeclare
1125 991 1232 1018 sane
1263 991 1466 1018 summus
1497 977 1590 1031 ipse
1621 977 1843 1032 pontifex,

149 1045 221 1087 cui
255 1045 495 1101 praecipue
529 1060 637 1088 cura
670 1047 780 1088 haec
814 1047 1052 1096 incumbit,
1089 1047 1270 1096 faceret,
1307 1047 1343 1088 si
1376 1052 1554 1088 nostras
1588 1047 1727 1088 etiam
1760 1061 1845 1095 res,

149 1115 355 1172 benignis
390 1116 481 1158 suis
517 1121 656 1173 atque
692 1117 894 1172 paternis
929 1117 1069 1159 oculis
1105 1118 1338 1172 aspiceret,
1384 1131 1574 1172 eamque
1622 1117 1845 1158 rationem

148 1186 297 1236 iniret,
315 1201 407 1242 qua
422 1187 564 1229 tantis
580 1187 746 1229 nostris
761 1187 890 1229 malis
906 1202 1135 1230 occurrere
1150 1188 1196 1229 in
1212 1192 1415 1242 tempore
1430 1192 1595 1242 posset.
1615 1188 1715 1242 Qua
1731 1186 1786 1228 de
1801 1201 1849 1229 re

151 1256 468 1300 Serenissimus
487 1272 668 1314 quoque
700 1272 777 1299 rex
799 1258 1024 1307 Poloniae‚
1045 1258 1255 1299 dominus
1275 1257 1415 1299 frater
1433 1262 1587 1298 noster
1605 1257 1849 1298 observan-

103 1338 137 1366 15
150 1327 374 1377 dissimus,
392 1328 639 1383 peculiares
660 1328 751 1370 iam
773 1342 890 1377 suas,
913 1328 972 1370 ad
998 1328 1338 1370 Beatitudinem
1363 1327 1503 1382 ipsius
1527 1327 1680 1368 literas
1706 1327 1847 1376 dedit,

149 1398 419 1454 rogavitque
445 1413 743 1454 summopere,
771 1403 824 1439 ut
852 1399 1081 1441 Sanctitas
1103 1399 1207 1448 Sua,
1230 1398 1489 1454 provinciae
1510 1397 1645 1438 huius
1666 1402 1849 1438 nostrae

149 1469 373 1511 rationem
409 1469 597 1511 haberet
633 1473 678 1510 et
715 1482 797 1510 nos
833 1469 974 1511 etiam
1010 1469 1121 1511 nihil
1157 1467 1556 1524 praetermisimus,
1595 1467 1719 1523 quod
1755 1467 1849 1509 sive

150 1539 287 1588 domi,
316 1539 411 1581 sive
438 1539 545 1581 foris
572 1539 696 1594 apud
722 1553 1033 1595 quoscumque
1059 1540 1278 1589 homines,
1307 1553 1388 1595 pro
1416 1538 1500 1581 Dei
1526 1538 1666 1593 ipsius
1692 1538 1848 1593 gloria,

150 1609 296 1652 facere
326 1614 465 1666 atque
495 1610 649 1652 conari
676 1609 924 1665 potuimus.
952 1609 1086 1665 Quod
1114 1614 1166 1651 ut
1197 1623 1317 1652 nunc
1347 1623 1528 1666 quoque
1559 1608 1679 1650 hisce
1709 1608 1849 1649 literis

103 1680 316 1722 aonostris
360 1680 718 1736 aggrederemur,
765 1694 818 1722 ea
862 1694 944 1722 nos
988 1680 1277 1736 potissimum
1321 1679 1438 1722 ratio
1483 1679 1678 1734 impulit,
1726 1678 1851 1734 quod

150 1751 345 1793 sciamus
377 1751 681 1793 Devotionem
711 1752 828 1800 V‘ffl,
850 1756 946 1793 tam
978 1751 1053 1806 pio
1076 1755 1121 1792 et
1141 1756 1238 1792 tam
1257 1750 1428 1792 sincero
1448 1749 1495 1791 in
1514 1749 1597 1792 Dei
1616 1749 1849 1791 ecclesiam

151 1823 319 1864 affectu
352 1822 470 1871 duci,
504 1826 557 1863 ut
590 1835 746 1864 omnes
778 1822 996 1870 homines,
1031 1821 1378 1877 quibuscunque
1411 1821 1457 1862 in
1490 1820 1610 1862 orbis
1643 1820 1853 1875 partibus

152 1892 378 1947 degentes,
413 1897 597 1948 cuperet
613 1906 745 1934 verae
761 1892 985 1947 religionis
1001 1906 1052 1934 ac
1073 1891 1257 1947 pietatis
1279 1896 1523 1939 consortes,
1548 1895 1687 1946 atque
1709 1889 1851 1945 parti-

151 1962 272 2018 cipes
319 1977 427 2005 esse.
480 1964 644 2019 Itaque
693 1963 997 2005 Devotionem
1031 1964 1136 2005 Vram
1169 1967 1396 2019 quantum
1432 1975 1671 2017 possumus
1706 1960 1850 2002 amice

104 2038 197 2076 25et
236 2033 474 2089 diligenter
511 2048 708 2083 oramus,
749 2033 826 2075 det
865 2034 950 2076 hoc
989 2033 1194 2075 beneficii
1233 2033 1443 2075 ecclesiae
1483 2032 1580 2080 Dei,
1621 2045 1738 2086 quae
1777 2030 1850 2071 hic

152 2104 276 2159 apud
301 2118 383 2146 nos
409 2104 543 2159 plena
568 2104 661 2146 iam
686 2103 881 2146 melioris
907 2104 1002 2159 spei
1028 2108 1111 2153 est,
1135 2108 1187 2145 ut
1213 2105 1424 2146 Summus
1447 2102 1668 2158 pontifex,
1697 2105 1852 2142 vestra

152 2189 288 2230 opera
326 2179 467 2231 atque
506 2174 830 2223 admonitione,
871 2189 987 2230 quae
1026 2174 1224 2216 multum
1263 2173 1387 2228 apud
1424 2187 1528 2214 eum
1566 2171 1748 2227 poterit,
1790 2170 1850 2212 ad

152 2245 376 2287 curandas
409 2250 454 2287 et
483 2245 817 2301 promovendas
845 2245 890 2286 in
907 2259 1014 2286 vera
1036 2244 1246 2299 religione
1274 2257 1343 2285 res
1364 2248 1556 2290 nostras,
1581 2239 1848 2296 promptior,

152 2320 292 2372 atque
340 2315 529 2358 alacrior
578 2315 808 2357 reddatur.
863 2317 961 2357 Hoc
1000 2314 1267 2357 Devotionis
1303 2314 1393 2355 Vrae
1428 2312 1631 2354 studium
1669 2316 1714 2352 et
1752 2312 1850 2352 Deo

105 2403 140 2429 30
153 2385 251 2441 ipsi,
276 2386 402 2428 cuius
434 2385 656 2441 imprimis
697 2399 834 2428 causa
865 2386 1015 2440 agitur
1045 2389 1227 2440 gratum
1259 2383 1342 2425 erit
1375 2387 1419 2424 et
1452 2381 1581 2423 nobis
1613 2381 1751 2423 etiarn
1783 2380 1850 2422 ita

153 2461 406 2512 acceptum,
462 2461 514 2497 ut
568 2455 718 2511 parati
765 2455 904 2497 simus
946 2454 1191 2497 Devotioni
1231 2455 1322 2496 Vrae
1360 2452 1571 2494 omnibus
1611 2451 1658 2492 in
1698 2451 1846 2500 rebus,

153 2527 376 2582 optimam
408 2531 612 2568 nostram
643 2526 690 2567 in
722 2540 767 2567 se
799 2526 1101 2574 voluntatem,
1135 2528 1274 2580 atque
1306 2522 1670 2565 benevolentiam
1703 2521 1849 2563 decla-

153 2611 264 2640 rare.
300 2599 449 2654 Quam
476 2598 590 2639 bene
616 2597 765 2639 valere
793 2601 1019 2651 optamus.

270 2669 444 2711 Datum
466 2668 609 2710 Albae
631 2667 780 2722 Juliae
814 2667 860 2708 in
883 2664 1226 2721 Transylvania‚
1266 2677 1334 2707 20.
1359 2663 1482 2718 Julii.
1508 2664 1640 2706 Anno
1664 2661 1849 2705 Domini

106 2749 282 2794 351579·

398 2809 748 2865 Christophorus
780 2805 970 2861 Bathorj
1005 2806 1060 2848 de

270 2880 440 2936 Somljo
468 2879 667 2923 vaivoda
698 2878 1039 2934 Transylvanus
1070 2890 1184 2932 mpr.

281 2993 494 3035 Kulczime
510 3008 523 3034 .·
568 2993 815 3033 Reverendo
858 2993 900 3031 in
944 2991 1108 3032 Christo
1149 2990 1262 3042 patri
1303 2988 1548 3029 Everhardo
1586 2987 1847 3027 Mercuriano

154 3053 375 3092 Societatis
394 3053 496 3103 Jesu
513 3065 562 3091 ac
581 3054 673 3103 [pro
689 3051 857 3102 eadem]
876 3050 1084 3090 Societate
1102 3048 1343 3100 praeposito
1368 3047 1582 3100 [generali]
1601 3050 1681 3085 etc.
1718 3043 1852 3083 Nobis

109 3111 415 3150 4ohonorando.

551 3177 743 3221 (Eredeti,
772 3188 796 3212 a
826 3175 1120 3222 Jezsuita-rend
1147 3173 1453 3217 leveltaraban.)
