2188 3535
344 205 414 247 243
1112 192 1185 225 No.
1218 194 1258 227 81
1721 191 1836 236 [1583
1867 188 1950 233 jan.
1987 190 2032 226 28

343 320 506 376 quibus
533 314 714 371 expedit
744 309 975 354 universis.
1015 307 1146 363 Quod
1175 321 1256 350 nos
1284 320 1387 349 cum
1417 306 1491 362 pio
1519 306 1612 349 zelo
1641 321 1745 363 erga
1772 306 2030 362 religionem

341 388 609 432 catholicam
639 382 764 431 moti,
797 387 896 422 turn
927 392 1035 420 vero
1065 391 1200 433 regno
1230 381 1386 420 nostro
1416 377 1770 433 Transylvaniae
1800 377 2030 419 consulere

341 459 582 514 cupientes,
618 459 668 495 ut
702 452 747 493 in
782 465 834 493 eo
869 447 1093 491 catholica
1126 447 1280 503 religio
1314 447 1476 491 iniuria
1510 453 1768 504 temporum
1803 447 1893 490 fere
1927 461 2030 503 sup-

341 541 502 585 pressa,
538 525 701 566 iterum
734 521 779 563 in
813 521 960 562 lucem
993 523 1208 561 revocata
1241 532 1374 561 suum
1408 519 1581 561 cultum
1615 519 1836 567 obtineat,
1872 518 2030 560 libera-

339 599 556 650 lioresque
592 591 850 646 disciplinae
888 589 1027 631 etiam
1063 594 1202 644 atque
1240 588 1379 631 etiam
1415 589 1714 638 efflorescant,
1753 603 1808 631 ex
1844 588 2031 631 diversis
2065 605 2084 632 5

338 665 588 722 regionibus
627 661 931 717 superioribus
969 659 1100 702 annis
1138 659 1312 715 aliquot
1354 674 1409 702 ex
1451 659 1676 702 Societate
1715 660 1825 714 Jesu
1864 664 2029 715 patres,

338 737 505 793 pietate
534 747 585 776 ac
615 732 736 774 vitae
766 730 1031 773 excellentia
1061 730 1330 772 excellentes
1358 730 1404 772 in
1433 730 1812 786 Transylvaniam
1841 744 2031 772 evocan-

337 808 416 850 dos
450 803 719 847 curavimus.
757 803 827 844 Ex
861 800 1027 856 quibus
1060 800 1235 856 aliquot
1269 801 1435 843 Albam
1469 800 1640 855 Juliam
1674 806 1781 843 sunt
1816 800 2030 849 traducti,

336 889 543 919 concessa
579 874 654 922 eis,
693 873 739 915 in
778 871 967 914 civitate
1005 871 1163 913 eadem
1201 871 1387 914 ecclesia
1424 871 1530 914 divo
1569 872 1802 927 Stephano
1839 876 2030 920 sacrata,

334 961 424 989 una
469 959 572 988 cum
617 941 891 986 monasterio
938 941 1168 991 adiuncto,
1216 942 1341 998 quod
1385 942 1492 984 olim
1538 942 1700 985 fratres
1747 941 2084 985 Dominicanim

333 1016 660 1064 inhabitarunt,
694 1019 745 1056 ut
777 1018 857 1056 aut
889 1013 1026 1055 iidem
1058 1017 1212 1068 patres
1243 1012 1482 1055 Societatis
1512 1013 1621 1068 Jesu
1654 1013 1854 1068 aliquem
1884 1013 2033 1055 locum

333 1088 545 1131 idoneum
590 1086 802 1133 habeant,
851 1084 896 1126 in
943 1098 1033 1139 quo
1081 1097 1126 1126 se
1173 1083 1427 1126 studiorum
1474 1083 1705 1126 laboribus
1752 1083 2032 1139 defatigatos

332 1172 528 1201 recreare
562 1156 748 1212 possint,
774 1170 828 1198 ex
857 1154 1070 1209 singulari
1102 1153 1249 1210 gratia
1282 1159 1438 1197 nostra
1471 1154 1593 1210 regia
1627 1154 2034 1198 commoditatibus

333 1230 532 1285 ipsorum
555 1227 782 1270 consulere
804 1226 1020 1274 volentes,
1045 1226 1230 1268 hortum
1252 1230 1383 1267 extra
1405 1239 1559 1268 muros
1580 1240 1635 1268 ex
1658 1226 1848 1268 adverso
1873 1229 2032 1281 portae

335 1299 488 1343 Sancti
519 1297 718 1353 Gregorii
749 1296 980 1353 praefatae
1012 1295 1212 1338 civitatis
1244 1296 1452 1338 Albensis
1483 1296 1636 1346 situm,
1671 1296 1781 1339 alias
1812 1296 1872 1339 ad
1903 1309 2030 1352 prae·
2050 1311 2085 1339 15

335 1370 585 1427 posituram
620 1369 861 1410 Albensem
897 1366 1200 1422 pertinentem
1236 1366 1281 1408 in
1317 1381 1453 1409 usum
1489 1381 1644 1409 eorum
1681 1372 1902 1423 perpetuo
1937 1366 2032 1408 iure

334 1441 442 1497 ipsis
479 1440 681 1482 dandum
717 1443 762 1481 et
800 1438 1138 1481 concedendum
1177 1437 1404 1487 duximus,
1444 1438 1834 1494 quemadmodum
1871 1438 2033 1480 damus

336 1517 380 1554 et
416 1510 714 1561 concedimus,
750 1510 912 1551 harum
947 1513 1206 1551 nostrarum
1238 1508 1390 1564 vigore
1425 1514 1470 1551 et
1507 1509 1768 1552 testimonio
1799 1509 2033 1551 literarum

335 1582 597 1625 mediante}

464 1653 641 1694 Datum
669 1651 714 1693 in
742 1665 842 1693 arce
871 1655 1026 1693 nostra
1054 1649 1174 1705 regia
1203 1649 1576 1705 Nepolomicensi,
1608 1662 1675 1705 27.
1708 1650 1779 1693 die
1809 1649 2028 1705 Januarii.
2047 1666 2085 1693 20

336 1724 470 1766 Anno
505 1721 688 1766 Domini
724 1722 846 1775 1583.
887 1720 1030 1777 Regni
1065 1735 1172 1763 vero
1206 1720 1349 1763 nostri
1385 1720 1591 1776 septimo.

620 1828 824 1873 (Egykoru
854 1827 1039 1868 masolam
1069 1838 1092 1862 a
1122 1827 1417 1872 Jezsuita-rend
1446 1826 1752 1870 leveltaraban.)

1151 1991 1223 2035 81.

769 2093 1082 2147 Niepotomice,
1117 2093 1232 2145 1583
1260 2092 1498 2148 januarius
1529 2093 1598 2134 28.

556 2196 746 2247 Bathory
777 2196 925 2235 Istvan
954 2195 1091 2247 kiraly
1121 2195 1354 2234 Kolozsvar
1382 2196 1507 2234 varos
1536 2195 1809 2235 tanacsanak.
2047 2203 2085 2231 25

466 2289 596 2328 Mivel
624 2302 647 2328 a
678 2289 898 2329 kolozsvdm‘
925 2290 1418 2341 jezsuita-kollfigiumnak
1447 2290 1710 2341 megengedte‚
1753 2290 1857 2341 hogy
1886 2289 2037 2341 maguk

340 2349 566 2399 szuksegeire
598 2348 897 2387 bortermeisuket
929 2349 1152 2388 bevihessbk
1172 2362 1190 2387 s
1211 2349 1425 2388 azonkz'vul
1453 2350 1583 2388 &vente
1614 2350 1717 2400 nbgy
1747 2349 1869 2389 hordei
1894 2349 2035 2399 idegen

342 2407 421 2446 bort
435 2408 470 2445 is
484 2407 810 2454 szerezlzessenek,
825 2407 918 2453 inti,
933 2408 1036 2459 hogy
1051 2421 1097 2447 az
1118 2408 1280 2458 atya‘kat
1302 2420 1321 2446 e
1342 2407 1678 2459 kiva'ltsa‘gukban
1700 2407 2033 2460 megvedelmezze.

470 2505 562 2546 Nos
596 2506 853 2561 Stephanus
886 2506 969 2548 Dei
1002 2506 1149 2562 gratia
1181 2521 1258 2548 rex
1294 2506 1505 2549 Poloniae
1539 2511 1622 2549 etc.
1659 2520 1739 2548 nec
1772 2519 1862 2548 non
1894 2506 2033 2547 Tran-

343 2574 571 2629 sylvaniae
607 2576 826 2632 princeps.
2045 2592 2084 2620 30

471 2646 710 2688 Memoriae
757 2648 1128 2690 commendamus
1175 2653 1330 2690 tenore
1377 2647 1682 2703 praesentium
1715 2646 2030 2702 significantes,

345 2713 506 2768 quibus
531 2717 711 2771 expedit
738 2718 971 2760 universis.
1009 2718 1142 2774 Quod
1168 2732 1272 2760 cum
1299 2718 1358 2760 ad
1384 2732 1465 2760 nos
1491 2732 1569 2774 per
1594 2718 1681 2760 fide
1708 2717 1866 2772 dignos
1890 2716 2032 2759 homi-

346 2797 424 2824 nes
460 2785 682 2838 perlatum
719 2793 848 2837 esset,
888 2803 1053 2844 magna
1089 2788 1376 2831 incommoda
1413 2789 1471 2831 ad
1508 2787 1761 2831 venerabile
1797 2786 2032 2843 collegium

347 2853 581 2896 Societatis
614 2857 721 2910 Jesu
756 2858 801 2900 in
835 2859 1022 2902 civitate
1056 2864 1212 2902 nostra
1246 2858 1571 2902 Colosvariensi
1605 2872 1684 2914 per
1717 2872 1798 2900 nos
1832 2862 2031 2900 erectum

346 2923 486 2966 redire
514 2938 568 2966 ex
596 2940 660 2975 eo,
691 2929 813 2982 quod
840 2930 963 2972 nulla
1001 2930 1107 2972 vina
1130 2929 1356 2984 Ungarica
1383 2934 1428 2971 et
1457 2929 1647 2978 exotica,
1678 2928 1724 2970 in
1752 2928 2032 2984 praedictam
2045 2944 2083 2971 35)

346 2992 579 3036 civitatem
614 2997 672 3038 ad
705 3012 836 3041 usum
872 3014 1026 3042 eorum
1062 3000 1355 3048 cotidianum,
1392 2999 1565 3055 legibus
1599 2999 1800 3042 civitatis
1833 2998 2034 3041 eiusdem

471 3092 482 3112 ¹
510 3092 543 3124 E
568 3075 814 3130 birtokulzba
845 3098 937 3132 valo
963 3097 1181 3140 beiktatas‚
1210 3098 1393 3144 Bathory
1419 3098 1633 3135 Zsiomond
1663 3098 1777 3143 (1583
1812 3098 2038 3134 februarius

348 3150 482 3194 21-iki)
512 3152 763 3194 rendeletere‚
792 3155 986 3192 marczius
1023 3156 1137 3192 16-an
1164 3161 1277 3192 ment
1302 3159 1449 3204 vegbe:
1479 3160 1561 3193 sine
1589 3158 1917 3194 contradictione.
