2188 3535
181 180 279 224 1580
307 177 414 212 decz.
449 178 514 221 26]
943 178 1016 213 No.
1050 190 1100 223 44
1798 189 1866 225 117

175 309 275 338 rum
297 310 352 338 ex
372 294 557 337 Austria
577 295 713 344 mitti,
739 295 816 351 qui
837 296 884 338 in
906 297 1058 339 schola
1079 297 1231 353 aliqua
1251 300 1402 352 posset
1426 295 1596 346 docere,
1621 296 1700 339 sed
1720 310 1866 352 neque

174 365 245 408 hic
268 366 415 408 adhuc
438 366 498 408 ad
518 379 600 408 nos
622 365 761 408 venit.

288 437 431 479 Albae
450 436 599 491 Juliae
619 450 723 478 curn
742 436 942 493 principe
963 442 1068 480 sunt
1088 443 1240 494 patres
1260 437 1431 494 Ungari
1451 437 1540 480 duo
1560 451 1569 480 :
1593 439 1641 480 P.
1665 437 1866 492 Joannes

175 507 370 549 Lelesius
391 511 436 549 et
458 508 506 549 P.
531 507 748 562 Georgius
768 508 921 557 Toros,
951 509 1031 550 sed
1057 514 1101 551 et
1128 509 1191 550 illi
1218 514 1323 551 sunt
1346 509 1459 551 bene
1486 508 1708 564 occupati,
1738 522 1865 564 prae-

126 590 143 618 5
174 578 328 620 sertim
366 592 499 627 nunc,
540 582 786 634 postquam
824 578 910 621 illis
948 580 1171 635 templum
1211 585 1277 622 est
1317 579 1553 629 traditum,
1595 579 1719 635 quod
1757 583 1865 621 ante

173 662 264 690 non
305 649 549 691 habebant.
596 649 695 691 Iam
738 663 844 692 vero
888 650 1000 692 duos
1042 647 1226 692 tantum
1269 650 1551 692 coadiutores
1593 649 1865 705 temporales

172 719 404 762 habemus.
433 720 552 762 Nam
577 733 694 761 unus
720 724 927 762 mortuus
952 725 1033 770 est,
1062 721 1176 763 alter
1201 720 1410 763 dimissus
1435 720 1696 770 necessario,
1725 720 1866 762 facul-

173 794 270 832 tate
308 804 335 832 a
373 791 420 833 P.
455 790 725 833 Provinciali
763 791 898 846 paulo
937 796 1044 833 ante
1081 796 1274 834 mortem
1312 791 1429 833 illius
1467 795 1666 847 accepta.
1709 792 1770 833 Et
1809 804 1867 832 ex

172 860 269 902 aliis
301 861 490 911 duobus,
522 861 599 917 qui
620 866 946 911 remanserunt,
971 862 1084 904 alter
1119 876 1251 918 saepe
1283 862 1338 904 de
1368 862 1608 905 vocatione
1642 865 1863 910 tentatur,

125 944 158 971 10
172 935 222 972 ut
245 932 493 987 periculum
515 931 587 982 sit,
604 945 660 974 ne
676 936 720 974 et
743 933 863 974 hunc
879 933 1004 975 brevi
1020 947 1232 988 cogamur
1254 932 1482 975 dimittere
1499 946 1508 983 ;
1534 933 1647 974 alter
1667 946 1774 974 vero
1797 936 1865 974 est

170 1015 319 1052 senex,
350 1003 592 1045 sciathicus
619 1003 781 1058 gravis,
813 1003 890 1059 qui
917 1003 1008 1046 iam
1036 1003 1114 1045 vix
1142 1017 1223 1045 nos
1253 1008 1404 1058 potest
1435 1002 1547 1044 serio
1576 1002 1803 1045 adiuvare.

287 1073 385 1115 Iam
421 1087 540 1116 anno
576 1078 792 1129 sequente
828 1074 986 1116 statim
1022 1074 1080 1116 ad
1116 1074 1289 1116 Pascha
1323 1073 1514 1128 migrare
1549 1072 1595 1114 in
1630 1072 1865 1114 civitatem

170 1148 215 1185 et
247 1144 421 1186 scholas
453 1158 596 1186 novas
628 1144 841 1200 quinque,
876 1159 1019 1201 usque
1051 1145 1111 1186 ad
1141 1143 1411 1186 rhetoricam
1440 1142 1668 1193 inclusive,
1696 1142 1866 1197 aperire

170 1215 494 1269 cogitabamus.
538 1216 707 1257 Verum
749 1215 987 1270 operarios,
1032 1229 1145 1270 quos
1187 1229 1242 1256 ex
1284 1213 1470 1256 Polonia
1511 1213 1866 1268 expectabamus

122 1297 156 1324 15
170 1286 314 1327 nullos
345 1285 600 1341 accepimus
631 1290 675 1327 et
706 1299 788 1327 nos
828 1285 914 1341 ipsi
943 1285 1076 1327 valde
1106 1285 1240 1340 pauci
1270 1298 1437 1326 sumus.
1471 1283 1696 1326 Possessio
1727 1283 1866 1325 etiam

170 1356 339 1412 collegii
367 1356 570 1399 nondum
599 1360 666 1398 est
695 1361 831 1411 capta
858 1355 1072 1411 legitima,
1104 1370 1156 1397 eo
1185 1355 1308 1411 quod
1335 1359 1536 1397 mentem
1565 1355 1619 1396 R.
1650 1354 1698 1396 P.
1726 1353 1866 1396 Gene-

168 1426 272 1468 ralis
311 1427 644 1482 ignorabamus,
688 1440 747 1468 an
786 1426 877 1469 iam
918 1431 1197 1482 acceptasset
1237 1426 1323 1468 1100
1363 1425 1597 1481 collegium
1637 1428 1682 1466 et
1723 1424 1866 1479 patris

168 1497 454 1552 provincialis
488 1497 741 1539 adventum
775 1498 1143 1553 expectabamus.
1182 1497 1281 1539 Iam
1315 1496 1362 1538 in
1395 1510 1522 1539 mora
1556 1495 1738 1538 videtur
1771 1508 1865 1537 esse

166 1582 383 1624 magnum
409 1568 659 1624 periculum
679 1581 689 1618 3
719 1582 822 1610 cum
849 1568 1056 1624 princeps
1083 1568 1216 1610 valde
1243 1568 1301 1609 sit
1328 1567 1532 1609 infirmus
1559 1570 1604 1609 et
1630 1580 1710 1608 rex
1737 1565 1865 1608 Polo-

119 1652 153 1678 20
167 1638 267 1681 niae
304 1639 494 1682 nimium
528 1639 632 1681 hinc
674 1639 825 1681 distet.
881 1639 1094 1681 Similiter
1132 1644 1176 1681 et
1216 1638 1397 1680 termini
1434 1651 1654 1694 pagorum
1692 1635 1864 1691 collegii

167 1715 313 1752 essent
346 1710 570 1752 lustrandi
603 1715 648 1751 et
682 1710 944 1760 renovandi,
981 1724 1036 1752 ne
1070 1724 1173 1752 cum
1206 1709 1365 1751 vicinis
1398 1709 1457 1751 ob
1489 1708 1655 1751 limites
1688 1712 1865 1749 contro-

166 1780 335 1823 versiae
365 1786 409 1823 et
439 1781 541 1823 lites
574 1780 779 1823 oriantur
808 1786 853 1823 et
882 1781 1013 1836 plura
1043 1781 1287 1836 depereant
1317 1779 1513 1835 collegio.

281 1853 406 1894 Haec
433 1857 478 1894 et
506 1851 594 1894 alia
619 1851 667 1893 id
692 1866 832 1907 genus
858 1852 1005 1894 multa
1030 1866 1102 1894 me
1128 1851 1261 1894 valde
1288 1850 1530 1893 sollicitum
1559 1853 1730 1898 tenent,
1762 1863 1865 1890 cum

166 1921 304 1964 simus
329 1928 567 1978 tantopere
593 1922 755 1965 remoti
782 1928 827 1964 et
853 1937 880 1965 a
906 1923 1105 1972 Polonia,
1135 1928 1180 1965 et
1207 1923 1265 1964 ab
1292 1921 1389 1964 aliis
1410 1921 1620 1964 omnibus
1642 1919 1862 1974 collegiis;

117 2005 245 2034 25nec
283 1993 593 2036 visitationem
631 1994 679 2035 P.
718 1993 1012 2036 Provincialis
1049 1993 1157 2035 novi
1194 1999 1291 2035 tam
1330 1993 1433 2042 cito,
1474 1991 1543 2034 uti
1580 1990 1710 2033 nobis
1748 1994 1863 2032 esset

164 2064 476 2114 necessarium,
503 2069 810 2120 expectamus.
829 2066 1091 2121 Antequam
1116 2063 1235 2106 enim
1259 2063 1517 2118 designetur
1540 2076 1567 2104 a
1590 2060 1863 2104 Reverentia

164 2135 262 2177 Tua
288 2136 360 2178 vel
387 2150 414 2178 a
441 2137 494 2178 R.
526 2136 574 2178 P.
606 2135 814 2178 Generali
842 2135 1115 2191 quicumque
1155 2134 1304 2184 fuerit,
1334 2138 1582 2189 antequam
1609 2132 1655 2173 in
1682 2131 1862 2187 provin-

165 2198 476 2259 ciam²³ffveniat‚
508 2211 758 2262 antequam
787 2206 875 2248 alia
903 2206 1055 2248 omnia
1083 2205 1268 2260 collegia
1295 2205 1430 2246 obeat
1464 2205 1561 2259 (nos
1589 2202 1708 2244 enim
1736 2201 1862 2243 velut

166 2276 361 2319 abortivi
391 2276 609 2333 postremi
640 2290 816 2332 semper
847 2278 1033 2332 sumus),
1059 2276 1320 2318 transibunt
1349 2288 1456 2317 sane
1487 2274 1580 2315 dies
1612 2277 1657 2314 et
1688 2284 1864 2313 menses

117 2359 153 2386 30
166 2351 210 2388 et
236 2347 355 2397 anni,
383 2353 428 2390 et
453 2362 535 2390 nos
559 2347 632 2389 1110
657 2347 839 2390 interim
865 2347 1122 2396 deserimur,
1154 2361 1235 2388 nec
1260 2346 1352 2387 ulla
1376 2344 1577 2387 subsidia
1602 2341 1859 2397 accipimus.

172 2418 476 2474 Quamobrem
493 2412 593 2460 Ruae
608 2418 730 2460 Tuae
746 2418 950 2473 supplico
965 2418 1208 2466 humiliter,
1226 2421 1277 2458 ut
1300 2415 1433 2457 11111115
1456 2413 1627 2469 collegii
1649 2426 1862 2468 magnam

166 2489 274 2530 velit
312 2490 478 2532 habere
516 2489 752 2531 rationem.
799 2488 1011 2544 Alioquin
1053 2488 1301 2543 periculum
1340 2486 1436 2535 erit,
1478 2499 1534 2527 ne
1573 2483 1859 2526 dissolvatur.

166 2560 345 2603 Fratres
375 2575 478 2603 cum
509 2560 598 2602 sint
629 2559 762 2615 pauci
793 2563 838 2601 et
870 2558 1134 2614 imperfecti,
1165 2557 1294 2600 facile
1322 2560 1573 2605 tentantur,
1597 2554 1862 2611 praesertim

165 2631 431 2681 scholastici,
482 2645 585 2673 curn
633 2629 948 2672 coadiutorum
995 2629 1170 2671 labores
1217 2627 1365 2670 subire
1412 2630 1635 2682 coguntur
1681 2629 1764 2667 etc.
1816 2628 1861 2666 et

117 2711 152 2739 35
165 2700 321 2744 vident
343 2716 389 2744 se
417 2701 755 2758 quodammodo
788 2715 814 2743 a
836 2700 1138 2755 superioribus
1167 2698 1411 2741 destitutos
1443 2703 1488 2739 et
1517 2696 1661 2740 veluti
1692 2695 1739 2737 in
1770 2694 1861 2737 exi-

164 2771 274 2815 lium
313 2778 450 2816 actos.
492 2774 650 2815 Patres
688 2771 840 2828 aliqui,
881 2771 999 2813 inter
1036 2784 1149 2827 quos
1186 2774 1232 2812 et
1270 2783 1364 2824 ego,
1399 2783 1502 2811 cum
1530 2767 1731 2823 linguam
1769 2780 1861 2807 non

165 2847 364 2894 teneant,
391 2858 553 2900 parum
577 2843 649 2886 hic
675 2847 890 2899 poterunt
916 2846 1158 2898 praestare.
1188 2841 1243 2882 In
1272 2853 1463 2889 summa,
1495 2838 1695 2894 undique
1721 2851 1860 2892 angu-

165 2914 290 2957 stiae.
321 2916 417 2970 Ego
455 2929 550 2957 rem
579 2919 728 2957 totam
759 2913 942 2956 domino
972 2913 1068 2955 Deo
1092 2917 1136 2954 et
1160 2912 1214 2954 R.
1248 2912 1296 2953 P.
1328 2911 1451 2953 Tuae
1480 2909 1710 2952 humiliter
1739 2921 1859 2949 com-

165 2986 341 3028 mendo.
378 2986 526 3042 Quam
552 2986 666 3028 bene
691 2985 739 3027 in
766 2983 963 3027 Domino
989 2983 1138 3026 valere
1165 2981 1297 3038 cupio
1323 2985 1369 3024 et
1395 2995 1476 3037 pro
1502 2979 1632 3023 nobis
1658 2992 1796 3021 orare.

119 3069 154 3096 40
281 3057 670 3099 Colosmonostrae
708 3070 763 3098 ex
801 3053 1144 3111 Transylvania‚
1185 3052 1282 3109 ipso
1321 3052 1392 3095 die
1431 3051 1584 3095 Sancti
1624 3047 1856 3105 Stephani,

166 3125 348 3169 ineunte
379 3142 497 3170 anno
529 3126 712 3170 Domini
746 3127 870 3179 1581.
