2188 3535
147 173 240 217 1583
273 171 352 215 jan.
389 172 453 215 27]
910 170 983 203 No.
1015 171 1064 206 80
1760 179 1832 213 247

142 289 185 331 io
216 288 390 331 dovevo
421 288 695 331 andarmene
726 289 772 330 in
801 288 1115 330 Transilvania
1136 302 1162 330 0
1185 288 1399 344 aspettar'
1434 300 1479 329 se
1510 286 1535 328 l'
1562 286 1832 342 imperatore

143 359 205 402 mi
233 359 572 402 commandasse
600 359 790 413 qualche
819 373 934 407 cosa,
967 358 1196 401 conforme
1223 364 1268 401 et
1291 373 1317 401 a
1339 358 1442 414 quel
1464 358 1544 399 che
1566 357 1628 399 mi
1655 358 1833 400 haveva

143 443 403 480 commesso,
431 434 475 471 et
499 444 524 471 a
547 428 650 485 quel
677 431 758 471 che
784 429 814 470 il
840 444 886 471 re
914 429 975 471 mi
1003 429 1222 472 ordinava
1248 430 1329 471 che
1356 443 1481 471 come
1509 428 1567 470 da
1594 442 1664 470 me
1691 433 1832 470 stesso

141 500 184 543 io
204 499 408 542 scrivessi
429 515 455 542 a
475 501 566 542 Sua
586 500 760 542 Maesta
781 501 980 548 Cesarea,
1009 499 1071 541 mi
1092 499 1198 542 dissi
1219 500 1334 542 ch'io
1355 499 1535 542 andassi
1555 513 1582 541 a
1602 498 1830 546 Cracovia,

92 583 110 611 5
141 571 257 613 dove
279 570 364 625 egli
386 572 485 613 sara
507 575 667 626 questo
691 570 867 619 Natale,
892 576 936 612 et
960 570 1040 612 che
1062 570 1124 612 mi
1146 570 1341 613 darebbe
1363 584 1425 612 un
1441 569 1627 611 corriere
1643 569 1772 611 fidele
1787 576 1830 611 et
1848 585 1932 609 Deez.
1956 592 1998 616 25.

140 641 366 696 diligente,
385 641 546 696 perche
563 646 765 696 portasse
784 641 824 683 16
846 641 933 683 11116
955 642 1190 683 istruzioni
1205 655 1231 683 a
1246 641 1420 683 Vienna
1435 645 1480 682 et
1497 641 1577 682 che
1606 640 1674 682 fra
1702 645 1832 682 tanto

140 713 355 755 verrebbe
382 712 426 754 la
452 712 648 767 risposta
675 712 776 754 dall’
799 712 1083 766 imperatore,
1115 712 1265 767 doppo
1292 712 1335 754 la
1357 711 1488 767 quale
1517 713 1558 753 1)
1585 712 1766 754 anderei
1788 713 1831 753 in

137 784 482 830 Transilvania;
514 784 556 824 la
589 785 720 837 quale
750 782 920 825 andata
952 785 1153 838 approvo
1194 796 1278 824 con
1320 788 1451 824 tanto
1484 781 1756 824 sentimento
1788 786 1832 824 et

139 867 224 896 con
264 858 396 896 tanto
438 852 626 908 piacere,
672 854 753 895 che
800 853 890 895 Sua
919 853 994 894 Bne
1027 853 1265 896 mandasse
1291 867 1318 895 a
1344 852 1502 895 visitat
1527 852 1557 893 il
1582 852 1832 907 giovinetto

92 936 126 964 ιο
139 924 339 980 principe
365 929 410 966 et
438 938 464 966 a
491 923 727 966 dirizzarvi
754 923 992 972 seminarii,
1022 923 1178 979 iquali
1210 937 1321 965 31160
1352 937 1447 965 6550
1481 937 1559 978 per
1591 937 1671 965 sua
1704 928 1832 977 parte

139 995 271 1037 Vuole
294 995 400 1045 fare,
426 995 507 1036 che
530 995 743 1050 aggiunse
776 1000 933 1050 queste
964 994 1116 1049 parole
1137 1008 1143 1036 ;
1179 994 1319 1049 Cupio
1338 999 1390 1035 ut
1411 993 1604 1035 videatis
1622 993 1830 1048 Transyl-

139 1065 300 1108 vaniae
333 1065 473 1107 situm
508 1070 552 1107 et
588 1066 789 1108 locorum
812 1072 1039 1114 naturam,
1071 1079 1299 1121 quamque
1323 1064 1359 1106 51
1381 1063 1699 1106 christianismi
1735 1077 1833 1118 pro-

138 1137 445 1192 pugnaculum
460 1136 572 1177 illud
588 1136 833 1184 amitteret,
851 1135 1061 1177 universo
1077 1136 1175 1178 orbi
1191 1135 1435 1177 christiano
1450 1133 1807 1176 incommodaret
1823 1148 1831 1183 ;

138 1207 207 1249 5111
236 1207 499 1255 retineatur,
549 1212 775 1261 quantum
806 1207 865 1248 ad
900 1221 1031 1248 omne
1062 1207 1232 1248 bonum
1265 1205 1433 1248 ostium
1466 1204 1523 1246 511
1555 1209 1831 1260 aperturum.

89 1290 124 1317 15
256 1278 306 1320 Io
339 1277 592 1332 dicendogli
624 1278 705 1319 che
737 1278 827 1319 Sua
859 1278 1034 1318 Maesta
1066 1277 1224 1319 faceva
1255 1277 1368 1318 bene
1401 1290 1426 1318 a
1458 1275 1642 1317 stimate
1675 1280 1834 1330 questa.

140 1348 275 1391 visita
310 1348 355 1390 di
390 1349 444 1390 N.
483 1348 541 1389 Sse
594 1348 711 1389 61163
745 1347 774 1388 11
808 1361 889 1389 5110
923 1347 1092 1402 nipote,
1128 1348 1265 1390 hebbi
1298 1360 1459 1401 campo
1492 1346 1536 1388 di
1573 1345 1835 1400 insinuargli

139 1424 312 1475 quanto
336 1419 481 1461 sicuro
505 1433 580 1460 era
604 1418 634 1459 il
658 1418 908 1473 patrocinio
933 1418 1049 1460 della
1073 1418 1214 1460 Santa
1238 1418 1350 1460 Sede
1372 1416 1648 1472 Apostolica,
1675 1417 1835 1471 perche

138 1489 185 1531 in
223 1489 326 1545 ogni
365 1494 528 1531 evento
569 1490 650 1530 che
690 1489 781 1530 Sua
819 1489 993 1530 Maesta
1031 1489 1215 1531 morisse
1254 1504 1280 1531 o
1319 1489 1434 1530 altro
1474 1487 1690 1535 avenisse,
1732 1486 1835 1542 quel

138 1560 390 1616 giovinetto
416 1559 617 1615 principe
642 1560 830 1601 havesse
856 1559 958 1614 quei
983 1560 1167 1615 consigli
1192 1565 1236 1601 et
1257 1559 1382 1609 aiuti,
1403 1559 1484 1601 che
1509 1571 1641 1600 senza
1666 1557 1834 1599 dubbio

89 1644 124 1672 20
138 1631 197 1687 gli
229 1631 481 1673 sarebbono
515 1630 874 1672 somministrati.

267 1702 306 1743 Il
333 1702 414 1743 che
442 1702 534 1743 Sua
560 1702 736 1743 Maesta
762 1704 933 1743 mostro
962 1701 1007 1743 di
1034 1701 1175 1743 sentir
1200 1716 1284 1744 con
1312 1700 1427 1743 assai
1454 1705 1599 1755 gusto.
1629 1701 1701 1742 Da
1723 1699 1835 1740 tutti

137 1772 287 1828 questi
313 1772 645 1827 ragionamenti
674 1771 762 1827 poi,
795 1777 838 1813 et
870 1771 928 1814 da
957 1772 1096 1814 molte
1126 1772 1239 1814 altre
1262 1776 1526 1828 congetture
1556 1770 1592 1812 si
1621 1769 1836 1825 raccoglie

139 1844 220 1885 che
250 1843 337 1885 Dio
368 1843 527 1898 Signor
555 1843 723 1884 Nostro
754 1842 812 1884 da
841 1842 1109 1898 particolare
1138 1843 1259 1885 lume
1289 1848 1333 1885 et
1364 1842 1515 1884 animo
1545 1856 1571 1883 a
1601 1845 1761 1896 questo
1791 1854 1836 1883 16

138 1914 183 1956 di
202 1913 464 1956 abbracciar
482 1913 526 1955 la
545 1913 688 1955 (111653
707 1913 778 1955 (161
797 1913 1157 1956 christianesimo
1177 1920 1221 1956 et
1242 1914 1287 1956 di
1306 1928 1396 1955 non
1414 1912 1567 1955 fidarsi
1586 1911 1656 1954 del
1676 1912 1833 1959 Turco,

87 1998 123 2026 25
138 1984 296 2040 poiche
330 1998 443 2026 anco
482 1984 800 2026 ultimamente
834 1985 894 2025 ha
929 1985 1147 2026 mandato
1182 1985 1211 2025 il
1247 1984 1493 2026 colonnello
1530 1981 1745 2025 Ridolfini
1779 1981 1838 2023 ad

138 2055 377 2097 emendare
407 2054 566 2096 alcune
595 2068 696 2096 cose
726 2054 843 2096 nella
872 2054 1071 2097 fortezza
1100 2055 1145 2097 di
1174 2055 1403 2097 Varadino
1433 2054 1478 2095 in
1507 2052 1832 2095 Transilvania.

260 2127 444 2181 Quanto
477 2125 551 2180 poi
583 2125 626 2166 al
657 2124 896 2167 seminario
929 2131 973 2167 61
1006 2126 1049 2168 31
1080 2131 1326 2168 vescovato
1359 2125 1439 2166 che
1471 2124 1533 2166 mi
1565 2122 1757 2178 promise
1790 2121 1835 2163 di

138 2197 286 2239 volere
315 2210 394 2252 per
423 2210 505 2238 sua
533 2200 662 2251 parte
692 2196 772 2237 che
801 2195 837 2237 si
866 2195 1166 2238 instituissero
1196 2196 1241 2237 in
1271 2194 1596 2242 Transilvania,
1629 2193 1690 2234 mi
1731 2206 1834 2234 con-

138 2267 279 2310 fermo
315 2267 346 2308 il
382 2266 643 2314 medesimo,
683 2266 947 2308 mostrando
983 2268 1065 2308 che
1102 2267 1147 2309 di
1185 2265 1400 2309 Cracovia
1436 2264 1498 2306 mi
1533 2262 1835 2305 manderebbe

86 2352 222 2380 socon
262 2337 394 2394 pieno
434 2337 651 2379 indirizzo
692 2336 737 2377 in
777 2337 921 2391 quelle
962 2337 1109 2392 parti.
1135 2371 1142 2379 .
1167 2339 1197 2378 ,1

266 2408 324 2451 Di
356 2407 593 2456 Varsovia,
628 2420 654 2461 7
687 2406 925 2449 Dicembre
959 2408 1082 2460 1582.

139 2490 329 2532 (Eredeti‚
349 2490 573 2534 sajatkezi'i,
593 2489 720 2522 1011131
738 2492 822 2522 vat.
850 2489 1120 2522 oNunziatura
1151 2489 1191 2522 (11
1220 2487 1452 2521 Germania»)
1483 2497 1543 2530 93.
1576 2486 1660 2519 kot.
1689 2485 1835 2529 5451.)

952 2584 1022 2626 80.

571 2660 883 2715 Niepoiomice,
919 2661 1033 2713 1583
1063 2660 1300 2714 januarius
1331 2671 1399 2713 27.

87 2746 124 2774 35
236 2742 429 2792 Bathory
461 2740 610 2779 Istvan
639 2739 775 2791 kiraly
804 2752 828 2778 a
856 2739 1182 2791 gyulafejervari
1211 2738 1734 2790 jezsuita-residentianak.

264 2810 615 2849 Szorakozcisukra
645 2811 684 2847 eis
712 2809 954 2848 adaleiszikre
977 2810 1132 2859 ajalon
1162 2810 1275 2848 kivic'l
1303 2810 1420 2848 kertet
1453 2809 1698 2858 adoma'nyoz
1727 2807 1831 2846 neki.

268 2883 362 2925 Nos
391 2883 650 2938 Stephanus
683 2882 784 2937 [Dei
811 2881 957 2937 gratia
996 2896 1075 2924 rex
1108 2882 1318 2925 Poloniae
1350 2887 1434 2925 etc.
1468 2895 1549 2924 nec
1577 2895 1668 2924 non
1695 2881 1834 2923 Tran-

137 2953 370 3008 sylvaniae
402 2953 642 3009 princeps]

268 3024 512 3066 Memoriae
555 3023 927 3067 commendamus
970 3028 1126 3066 tenore
1169 3023 1487 3079 praesentium,
1533 3021 1834 3085 significantes

88 3133 124 3160 4ο
266 3125 280 3145 1
309 3125 343 3157 A
371 3125 474 3158 level
511 3125 627 3159 tobbi
666 3125 795 3158 reszet
828 3125 881 3159 ld.
911 3124 952 3158 P.
984 3125 1155 3170 Pierling
1180 3124 1217 3159 S.
1248 3124 1310 3170 J.:
1338 3124 1522 3169 Bathory
1545 3127 1585 3159 et
1619 3123 1835 3159 Possevino

143 3170 280 3214 (Paris,
315 3172 437 3216 1887.)
471 3181 555 3214 247.
583 3172 607 3207 l.
