<?xml version="1.0" encoding="UTF-8"?>
<!DOCTYPE html PUBLIC "-//W3C//DTD XHTML 1.0 Transitional//EN"
    "http://www.w3.org/TR/xhtml1/DTD/xhtml1-transitional.dtd">
<html xmlns="http://www.w3.org/1999/xhtml" xml:lang="en" lang="en">
 <head>
  <title>
</title>
<meta http-equiv="Content-Type" content="text/html;charset=utf-8" />
  <meta name='ocr-system' content='tesseract 3.04.00' />
  <meta name='ocr-capabilities' content='ocr_page ocr_carea ocr_par ocr_line ocrx_word'/>
</head>
<body>
  <div class='ocr_page' id='page_1' title='image "./epistolaeetactaj01vereuoft_0046.png"; bbox 0 0 2188 3535; ppageno 0'>
   <div class='ocr_carea' id='block_1_1' title="bbox 371 220 2051 281">
    <p class='ocr_par' dir='ltr' id='par_1_1' title="bbox 371 220 2051 281">
     <span class='ocr_line' id='line_1_1' title="bbox 371 220 2051 281; baseline -0.004 -9"><span class='ocrx_word' id='word_1_1' title='bbox 371 247 413 281; x_wconf 85' lang='lat'>14</span> <span class='ocrx_word' id='word_1_2' title='bbox 1145 225 1217 260; x_wconf 75' lang='lat' dir='ltr'>No·</span> <span class='ocrx_word' id='word_1_3' title='bbox 1250 239 1274 270; x_wconf 82' lang='lat'>4</span> <span class='ocrx_word' id='word_1_4' title='bbox 1755 222 1871 268; x_wconf 78' lang='lat'>[1574</span> <span class='ocrx_word' id='word_1_5' title='bbox 1901 220 1971 266; x_wconf 76' lang='lat' dir='ltr'>isfl-</span> <span class='ocrx_word' id='word_1_6' title='bbox 2012 231 2051 266; x_wconf 84' lang='lat'>15</span> 
     </span>
    </p>
   </div>
   <div class='ocr_carea' id='block_1_2' title="bbox 364 337 2120 2736">
    <p class='ocr_par' dir='ltr' id='par_1_2' title="bbox 364 337 2120 2736">
     <span class='ocr_line' id='line_1_2' title="bbox 364 337 2054 405; baseline -0.01 -8"><span class='ocrx_word' id='word_1_7' title='bbox 364 368 494 397; x_wconf 91' lang='lat' dir='ltr'>muro</span> <span class='ocrx_word' id='word_1_8' title='bbox 531 353 830 405; x_wconf 90' lang='lat' dir='ltr'>circumsepta</span> <span class='ocrx_word' id='word_1_9' title='bbox 867 351 949 395; x_wconf 85' lang='lat' dir='ltr'>est,</span> <span class='ocrx_word' id='word_1_10' title='bbox 989 344 1173 386; x_wconf 90' lang='lat' dir='ltr'>unicum</span> <span class='ocrx_word' id='word_1_11' title='bbox 1212 344 1350 385; x_wconf 88' lang='lat' dir='ltr'>habet</span> <span class='ocrx_word' id='word_1_12' title='bbox 1389 342 1581 391; x_wconf 88' lang='lat' dir='ltr'>aditum,</span> <span class='ocrx_word' id='word_1_13' title='bbox 1623 340 1700 397; x_wconf 91' lang='lat' dir='ltr'>qui</span> <span class='ocrx_word' id='word_1_14' title='bbox 1738 339 1867 382; x_wconf 76' lang='lat' dir='ltr'>facile</span> <span class='ocrx_word' id='word_1_15' title='bbox 1905 337 2054 380; x_wconf 92' lang='lat' dir='ltr'>claudi</span> 
     </span>
     <span class='ocr_line' id='line_1_3' title="bbox 365 409 2054 476; baseline -0.011 -9"><span class='ocrx_word' id='word_1_16' title='bbox 365 429 410 466; x_wconf 85' lang='lat' dir='ltr'>et</span> <span class='ocrx_word' id='word_1_17' title='bbox 450 422 665 465; x_wconf 87' lang='lat' dir='ltr'>custodiri</span> <span class='ocrx_word' id='word_1_18' title='bbox 704 418 859 476; x_wconf 81' lang='lat' dir='ltr'>possit.</span> <span class='ocrx_word' id='word_1_19' title='bbox 903 417 957 457; x_wconf 94' lang='lat' dir='ltr'>In</span> <span class='ocrx_word' id='word_1_20' title='bbox 995 414 1065 456; x_wconf 90' lang='lat' dir='ltr'>his</span> <span class='ocrx_word' id='word_1_21' title='bbox 1103 413 1241 469; x_wconf 89' lang='lat' dir='ltr'>igitur</span> <span class='ocrx_word' id='word_1_22' title='bbox 1279 413 1523 469; x_wconf 86' lang='lat' dir='ltr'>provinciis</span> <span class='ocrx_word' id='word_1_23' title='bbox 1561 409 1896 468; x_wconf 90' lang='lat' dir='ltr'>quamplurima</span> <span class='ocrx_word' id='word_1_24' title='bbox 1935 422 2054 450; x_wconf 91' lang='lat' dir='ltr'>acer-</span> 
     </span>
     <span class='ocr_line' id='line_1_4' title="bbox 366 480 2053 543; baseline -0.009 -7"><span class='ocrx_word' id='word_1_25' title='bbox 366 494 549 536; x_wconf 88' lang='lat' dir='ltr'>bissimo</span> <span class='ocrx_word' id='word_1_26' title='bbox 569 493 695 533; x_wconf 89' lang='lat' dir='ltr'>luctu</span> <span class='ocrx_word' id='word_1_27' title='bbox 717 488 854 543; x_wconf 86' lang='lat' dir='ltr'>digna</span> <span class='ocrx_word' id='word_1_28' title='bbox 874 487 933 528; x_wconf 95' lang='lat' dir='ltr'>ab</span> <span class='ocrx_word' id='word_1_29' title='bbox 954 484 1190 527; x_wconf 76' lang='lat' dir='ltr'>haereticis</span> <span class='ocrx_word' id='word_1_30' title='bbox 1210 488 1543 540; x_wconf 82' lang='lat' dir='ltr'>perpetrantur.</span> <span class='ocrx_word' id='word_1_31' title='bbox 1569 484 1751 525; x_wconf 86' lang='lat' dir='ltr'>Moveat</span> <span class='ocrx_word' id='word_1_32' title='bbox 1773 485 1832 529; x_wconf 88' lang='lat' dir='ltr'>te,</span> <span class='ocrx_word' id='word_1_33' title='bbox 1856 480 2053 528; x_wconf 88' lang='lat' dir='ltr'>obsecro,</span> 
     </span>
     <span class='ocr_line' id='line_1_5' title="bbox 366 551 2056 610; baseline -0.009 -4"><span class='ocrx_word' id='word_1_34' title='bbox 366 560 761 606; x_wconf 84' lang='lat' dir='ltr'>innumerabilium</span> <span class='ocrx_word' id='word_1_35' title='bbox 797 556 1052 599; x_wconf 88' lang='lat' dir='ltr'>animarum</span> <span class='ocrx_word' id='word_1_36' title='bbox 1088 554 1310 604; x_wconf 87' lang='lat' dir='ltr'>interitus,</span> <span class='ocrx_word' id='word_1_37' title='bbox 1348 569 1466 610; x_wconf 92' lang='lat' dir='ltr'>quae</span> <span class='ocrx_word' id='word_1_38' title='bbox 1502 552 1704 610; x_wconf 88' lang='lat' dir='ltr'>quotidie</span> <span class='ocrx_word' id='word_1_39' title='bbox 1740 565 1818 607; x_wconf 91' lang='lat' dir='ltr'>per</span> <span class='ocrx_word' id='word_1_40' title='bbox 1851 551 2056 592; x_wconf 83' lang='lat' dir='ltr'>haereses</span> 
     </span>
     <span class='ocr_line' id='line_1_6' title="bbox 367 621 2109 681; baseline -0.007 -6"><span class='ocrx_word' id='word_1_41' title='bbox 367 634 412 675; x_wconf 89' lang='lat' dir='ltr'>in</span> <span class='ocrx_word' id='word_1_42' title='bbox 443 632 710 674; x_wconf 88' lang='lat' dir='ltr'>barathrum</span> <span class='ocrx_word' id='word_1_43' title='bbox 740 628 1075 681; x_wconf 87' lang='lat' dir='ltr'>demerguntur.</span> <span class='ocrx_word' id='word_1_44' title='bbox 1109 626 1291 668; x_wconf 86' lang='lat' dir='ltr'>Moveat</span> <span class='ocrx_word' id='word_1_45' title='bbox 1322 639 1450 667; x_wconf 90' lang='lat' dir='ltr'>amor</span> <span class='ocrx_word' id='word_1_46' title='bbox 1479 623 1658 671; x_wconf 78' lang='lat' dir='ltr'>Christi,</span> <span class='ocrx_word' id='word_1_47' title='bbox 1690 622 1816 664; x_wconf 91' lang='lat' dir='ltr'>cuius</span> <span class='ocrx_word' id='word_1_48' title='bbox 1838 621 1938 663; x_wconf 90' lang='lat' dir='ltr'>illae</span> <span class='ocrx_word' id='word_1_49' title='bbox 1959 633 2056 676; x_wconf 92' lang='lat' dir='ltr'>pre·</span> <span class='ocrx_word' id='word_1_50' title='bbox 2089 625 2109 653; x_wconf 88' lang='lat'>5</span> 
     </span>
     <span class='ocr_line' id='line_1_7' title="bbox 366 691 2056 756; baseline -0.007 -12"><span class='ocrx_word' id='word_1_51' title='bbox 366 703 481 745; x_wconf 89' lang='lat' dir='ltr'>tioso</span> <span class='ocrx_word' id='word_1_52' title='bbox 512 699 731 756; x_wconf 89' lang='lat' dir='ltr'>sanguine</span> <span class='ocrx_word' id='word_1_53' title='bbox 763 702 868 740; x_wconf 91' lang='lat' dir='ltr'>sunt</span> <span class='ocrx_word' id='word_1_54' title='bbox 899 697 1160 751; x_wconf 87' lang='lat' dir='ltr'>redemptae</span> <span class='ocrx_word' id='word_1_55' title='bbox 1191 709 1243 738; x_wconf 90' lang='lat' dir='ltr'>ac</span> <span class='ocrx_word' id='word_1_56' title='bbox 1274 696 1394 738; x_wconf 89' lang='lat' dir='ltr'>zelus</span> <span class='ocrx_word' id='word_1_57' title='bbox 1424 694 1607 737; x_wconf 89' lang='lat' dir='ltr'>honoris</span> <span class='ocrx_word' id='word_1_58' title='bbox 1637 693 1721 736; x_wconf 92' lang='lat' dir='ltr'>Dei</span> <span class='ocrx_word' id='word_1_59' title='bbox 1752 697 1909 735; x_wconf 92' lang='lat' dir='ltr'>contra</span> <span class='ocrx_word' id='word_1_60' title='bbox 1939 691 2056 733; x_wconf 89' lang='lat' dir='ltr'>blas·</span> 
     </span>
     <span class='ocr_line' id='line_1_8' title="bbox 365 761 2057 828; baseline -0.007 -14"><span class='ocrx_word' id='word_1_61' title='bbox 365 774 633 828; x_wconf 90' lang='lat' dir='ltr'>phemantes</span> <span class='ocrx_word' id='word_1_62' title='bbox 663 768 948 812; x_wconf 90' lang='lat' dir='ltr'>adorandum</span> <span class='ocrx_word' id='word_1_63' title='bbox 979 771 1024 809; x_wconf 87' lang='lat' dir='ltr'>et</span> <span class='ocrx_word' id='word_1_64' title='bbox 1055 766 1345 808; x_wconf 84' lang='lat' dir='ltr'>benedictum</span> <span class='ocrx_word' id='word_1_65' title='bbox 1376 780 1541 808; x_wconf 90' lang='lat' dir='ltr'>nomen</span> <span class='ocrx_word' id='word_1_66' title='bbox 1564 765 1884 806; x_wconf 81' lang='lat' dir='ltr'>Sacrosanctae</span> <span class='ocrx_word' id='word_1_67' title='bbox 1914 761 2057 804; x_wconf 90' lang='lat' dir='ltr'>Trini-</span> 
     </span>
     <span class='ocr_line' id='line_1_9' title="bbox 365 832 2060 897; baseline -0.006 -13"><span class='ocrx_word' id='word_1_68' title='bbox 365 842 486 885; x_wconf 82' lang='lat' dir='ltr'>tatis.</span> <span class='ocrx_word' id='word_1_69' title='bbox 512 841 623 897; x_wconf 78' lang='lat' dir='ltr'>Quis</span> <span class='ocrx_word' id='word_1_70' title='bbox 645 840 747 889; x_wconf 89' lang='lat' dir='ltr'>scit,</span> <span class='ocrx_word' id='word_1_71' title='bbox 772 838 808 881; x_wconf 91' lang='lat' dir='ltr'>si</span> <span class='ocrx_word' id='word_1_72' title='bbox 824 853 916 880; x_wconf 88' lang='lat' dir='ltr'>non</span> <span class='ocrx_word' id='word_1_73' title='bbox 938 842 1035 880; x_wconf 88' lang='lat' dir='ltr'>tam</span> <span class='ocrx_word' id='word_1_74' title='bbox 1057 836 1295 879; x_wconf 89' lang='lat' dir='ltr'>victoriam</span> <span class='ocrx_word' id='word_1_75' title='bbox 1318 836 1448 878; x_wconf 93' lang='lat' dir='ltr'>nobis</span> <span class='ocrx_word' id='word_1_76' title='bbox 1470 835 1692 878; x_wconf 89' lang='lat' dir='ltr'>Dominus</span> <span class='ocrx_word' id='word_1_77' title='bbox 1715 834 1769 876; x_wconf 90' lang='lat' dir='ltr'>de</span> <span class='ocrx_word' id='word_1_78' title='bbox 1791 832 2060 876; x_wconf 87' lang='lat' dir='ltr'>adversariis</span> 
     </span>
     <span class='ocr_line' id='line_1_10' title="bbox 366 902 2055 962; baseline -0.006 -7"><span class='ocrx_word' id='word_1_79' title='bbox 366 912 575 955; x_wconf 87' lang='lat' dir='ltr'>veritatis</span> <span class='ocrx_word' id='word_1_80' title='bbox 592 911 783 959; x_wconf 88' lang='lat' dir='ltr'>tribuat,</span> <span class='ocrx_word' id='word_1_81' title='bbox 803 909 882 952; x_wconf 89' lang='lat' dir='ltr'>sed</span> <span class='ocrx_word' id='word_1_82' title='bbox 899 908 1038 951; x_wconf 90' lang='lat' dir='ltr'>etiam</span> <span class='ocrx_word' id='word_1_83' title='bbox 1055 906 1412 962; x_wconf 84' lang='lat' dir='ltr'>indignationem</span> <span class='ocrx_word' id='word_1_84' title='bbox 1430 921 1456 948; x_wconf 91' lang='lat' dir='ltr'>a</span> <span class='ocrx_word' id='word_1_85' title='bbox 1474 910 1575 948; x_wconf 90' lang='lat' dir='ltr'>tota</span> <span class='ocrx_word' id='word_1_86' title='bbox 1592 904 1823 961; x_wconf 88' lang='lat' dir='ltr'>provincia</span> <span class='ocrx_word' id='word_1_87' title='bbox 1841 907 2020 946; x_wconf 90' lang='lat' dir='ltr'>avertat</span> <span class='ocrx_word' id='word_1_88' title='bbox 2038 902 2055 945; x_wconf 91' lang='lat'>?</span> 
     </span>
     <span class='ocr_line' id='line_1_11' title="bbox 366 973 2112 1026; baseline -0.007 0"><span class='ocrx_word' id='word_1_89' title='bbox 366 984 411 1026; x_wconf 78' lang='lat' dir='ltr'>Si</span> <span class='ocrx_word' id='word_1_90' title='bbox 441 987 603 1025; x_wconf 92' lang='lat' dir='ltr'>contra</span> <span class='ocrx_word' id='word_1_91' title='bbox 633 981 866 1025; x_wconf 90' lang='lat' dir='ltr'>ministros</span> <span class='ocrx_word' id='word_1_92' title='bbox 896 980 1114 1021; x_wconf 87' lang='lat' dir='ltr'>sathanae</span> <span class='ocrx_word' id='word_1_93' title='bbox 1144 978 1354 1020; x_wconf 89' lang='lat' dir='ltr'>ardentes</span> <span class='ocrx_word' id='word_1_94' title='bbox 1384 990 1537 1019; x_wconf 88' lang='lat' dir='ltr'>amore</span> <span class='ocrx_word' id='word_1_95' title='bbox 1567 981 1612 1018; x_wconf 93' lang='lat' dir='ltr'>et</span> <span class='ocrx_word' id='word_1_96' title='bbox 1643 975 1737 1017; x_wconf 90' lang='lat' dir='ltr'>zelo</span> <span class='ocrx_word' id='word_1_97' title='bbox 1766 974 1947 1017; x_wconf 91' lang='lat' dir='ltr'>honoris</span> <span class='ocrx_word' id='word_1_98' title='bbox 1976 973 2061 1016; x_wconf 89' lang='lat' dir='ltr'>Dei</span> <span class='ocrx_word' id='word_1_99' title='bbox 2076 986 2112 1013; x_wconf 76' lang='grc' dir='ltr'>ιο</span> 
     </span>
     <span class='ocr_line' id='line_1_12' title="bbox 366 1044 2058 1110; baseline -0.006 -14"><span class='ocrx_word' id='word_1_100' title='bbox 366 1054 485 1110; x_wconf 91' lang='lat' dir='ltr'>pleni</span> <span class='ocrx_word' id='word_1_101' title='bbox 521 1051 903 1110; x_wconf 88' lang='lat' dir='ltr'>processerimus?</span> <span class='ocrx_word' id='word_1_102' title='bbox 944 1049 1081 1092; x_wconf 82' lang='lat' dir='ltr'>Stetit</span> <span class='ocrx_word' id='word_1_103' title='bbox 1118 1048 1237 1091; x_wconf 89' lang='lat' dir='ltr'>enirn</span> <span class='ocrx_word' id='word_1_104' title='bbox 1264 1047 1462 1090; x_wconf 91' lang='lat' dir='ltr'>Phineus</span> <span class='ocrx_word' id='word_1_105' title='bbox 1477 1048 1513 1074; x_wconf 83' lang='lat'>1⁹</span> <span class='ocrx_word' id='word_1_106' title='bbox 1536 1051 1581 1089; x_wconf 89' lang='lat' dir='ltr'>et</span> <span class='ocrx_word' id='word_1_107' title='bbox 1603 1045 1795 1088; x_wconf 86' lang='lat' dir='ltr'>cessavit</span> <span class='ocrx_word' id='word_1_108' title='bbox 1814 1044 2058 1101; x_wconf 90' lang='lat' dir='ltr'>quassatio.</span> 
     </span>
     <span class='ocr_line' id='line_1_13' title="bbox 368 1115 2062 1178; baseline -0.006 -11"><span class='ocrx_word' id='word_1_109' title='bbox 368 1126 551 1167; x_wconf 90' lang='lat' dir='ltr'>Moveat</span> <span class='ocrx_word' id='word_1_110' title='bbox 582 1124 778 1167; x_wconf 89' lang='lat' dir='ltr'>eiulatus</span> <span class='ocrx_word' id='word_1_111' title='bbox 807 1135 1056 1178; x_wconf 90' lang='lat' dir='ltr'>paucorum</span> <span class='ocrx_word' id='word_1_112' title='bbox 1086 1119 1424 1167; x_wconf 90' lang='lat' dir='ltr'>catholicorum,</span> <span class='ocrx_word' id='word_1_113' title='bbox 1457 1117 1535 1174; x_wconf 89' lang='lat' dir='ltr'>qui</span> <span class='ocrx_word' id='word_1_114' title='bbox 1564 1117 1611 1158; x_wconf 93' lang='lat' dir='ltr'>in</span> <span class='ocrx_word' id='word_1_115' title='bbox 1640 1115 1789 1159; x_wconf 89' lang='lat' dir='ltr'>medio</span> <span class='ocrx_word' id='word_1_116' title='bbox 1817 1115 2062 1158; x_wconf 87' lang='lat' dir='ltr'>haeretico-</span> 
     </span>
     <span class='ocr_line' id='line_1_14' title="bbox 366 1185 2063 1238; baseline -0.006 0"><span class='ocrx_word' id='word_1_117' title='bbox 366 1210 471 1238; x_wconf 92' lang='lat' dir='ltr'>rum</span> <span class='ocrx_word' id='word_1_118' title='bbox 519 1193 762 1238; x_wconf 91' lang='lat' dir='ltr'>constituti</span> <span class='ocrx_word' id='word_1_119' title='bbox 810 1192 869 1235; x_wconf 90' lang='lat' dir='ltr'>ad</span> <span class='ocrx_word' id='word_1_120' title='bbox 917 1190 1215 1234; x_wconf 80' lang='lat' dir='ltr'>defectionem</span> <span class='ocrx_word' id='word_1_121' title='bbox 1263 1189 1476 1232; x_wconf 90' lang='lat' dir='ltr'>continue</span> <span class='ocrx_word' id='word_1_122' title='bbox 1524 1187 1836 1236; x_wconf 85' lang='lat' dir='ltr'>sollicitantur,</span> <span class='ocrx_word' id='word_1_123' title='bbox 1902 1185 2063 1228; x_wconf 88' lang='lat' dir='ltr'>solatio</span> 
     </span>
     <span class='ocr_line' id='line_1_15' title="bbox 368 1258 2062 1315; baseline -0.006 -6"><span class='ocrx_word' id='word_1_124' title='bbox 368 1266 491 1309; x_wconf 91' lang='lat' dir='ltr'>omni</span> <span class='ocrx_word' id='word_1_125' title='bbox 516 1271 561 1308; x_wconf 87' lang='lat' dir='ltr'>et</span> <span class='ocrx_word' id='word_1_126' title='bbox 587 1265 761 1308; x_wconf 86' lang='lat' dir='ltr'>auxilio</span> <span class='ocrx_word' id='word_1_127' title='bbox 786 1262 994 1306; x_wconf 91' lang='lat' dir='ltr'>destituti</span> <span class='ocrx_word' id='word_1_128' title='bbox 1019 1276 1046 1304; x_wconf 93' lang='lat' dir='ltr'>a</span> <span class='ocrx_word' id='word_1_129' title='bbox 1071 1266 1116 1303; x_wconf 90' lang='lat' dir='ltr'>te</span> <span class='ocrx_word' id='word_1_130' title='bbox 1140 1260 1358 1303; x_wconf 77' lang='lat' dir='ltr'>lacrimali</span> <span class='ocrx_word' id='word_1_131' title='bbox 1382 1273 1492 1302; x_wconf 91' lang='lat' dir='ltr'>voce</span> <span class='ocrx_word' id='word_1_132' title='bbox 1518 1273 1650 1315; x_wconf 89' lang='lat' dir='ltr'>opem</span> <span class='ocrx_word' id='word_1_133' title='bbox 1674 1262 1851 1314; x_wconf 90' lang='lat' dir='ltr'>petunt.</span> <span class='ocrx_word' id='word_1_134' title='bbox 1879 1258 2062 1300; x_wconf 87' lang='lat' dir='ltr'>Moveat</span> 
     </span>
     <span class='ocr_line' id='line_1_16' title="bbox 368 1326 2114 1389; baseline -0.006 -10"><span class='ocrx_word' id='word_1_135' title='bbox 368 1336 570 1379; x_wconf 89' lang='lat' dir='ltr'>instituti</span> <span class='ocrx_word' id='word_1_136' title='bbox 590 1335 737 1379; x_wconf 88' lang='lat' dir='ltr'>nostri</span> <span class='ocrx_word' id='word_1_137' title='bbox 758 1334 889 1383; x_wconf 89' lang='lat' dir='ltr'>ratio,</span> <span class='ocrx_word' id='word_1_138' title='bbox 912 1347 1027 1389; x_wconf 92' lang='lat' dir='ltr'>quae</span> <span class='ocrx_word' id='word_1_139' title='bbox 1049 1346 1130 1375; x_wconf 89' lang='lat' dir='ltr'>nos</span> <span class='ocrx_word' id='word_1_140' title='bbox 1149 1333 1373 1380; x_wconf 90' lang='lat' dir='ltr'>hortatur,</span> <span class='ocrx_word' id='word_1_141' title='bbox 1395 1335 1447 1372; x_wconf 89' lang='lat' dir='ltr'>ut</span> <span class='ocrx_word' id='word_1_142' title='bbox 1469 1329 1691 1372; x_wconf 86' lang='lat' dir='ltr'>charitate</span> <span class='ocrx_word' id='word_1_143' title='bbox 1713 1328 1877 1371; x_wconf 88' lang='lat' dir='ltr'>Christi</span> <span class='ocrx_word' id='word_1_144' title='bbox 1898 1326 2063 1370; x_wconf 92' lang='lat' dir='ltr'>imbuti</span> <span class='ocrx_word' id='word_1_145' title='bbox 2078 1339 2114 1368; x_wconf 83' lang='lat'>15</span> 
     </span>
     <span class='ocr_line' id='line_1_17' title="bbox 369 1399 2063 1458; baseline -0.006 -8"><span class='ocrx_word' id='word_1_146' title='bbox 369 1421 524 1450; x_wconf 90' lang='lat' dir='ltr'>omnes</span> <span class='ocrx_word' id='word_1_147' title='bbox 546 1407 754 1450; x_wconf 84' lang='lat' dir='ltr'>homines</span> <span class='ocrx_word' id='word_1_148' title='bbox 775 1404 1057 1453; x_wconf 88' lang='lat' dir='ltr'>christianos,</span> <span class='ocrx_word' id='word_1_149' title='bbox 1081 1403 1295 1458; x_wconf 90' lang='lat' dir='ltr'>Judaeos‚</span> <span class='ocrx_word' id='word_1_150' title='bbox 1321 1402 1529 1450; x_wconf 88' lang='lat' dir='ltr'>Graecos,</span> <span class='ocrx_word' id='word_1_151' title='bbox 1550 1400 1737 1442; x_wconf 87' lang='lat' dir='ltr'>Latinos</span> <span class='ocrx_word' id='word_1_152' title='bbox 1764 1404 1809 1441; x_wconf 91' lang='lat' dir='ltr'>et</span> <span class='ocrx_word' id='word_1_153' title='bbox 1838 1399 2063 1442; x_wconf 88' lang='lat' dir='ltr'>Barbaros</span> 
     </span>
     <span class='ocr_line' id='line_1_18' title="bbox 368 1467 2064 1529; baseline -0.007 -8"><span class='ocrx_word' id='word_1_154' title='bbox 368 1479 524 1520; x_wconf 88' lang='lat' dir='ltr'>iuvare</span> <span class='ocrx_word' id='word_1_155' title='bbox 554 1478 833 1520; x_wconf 82' lang='lat' dir='ltr'>studeamus,</span> <span class='ocrx_word' id='word_1_156' title='bbox 867 1476 1050 1517; x_wconf 83' lang='lat' dir='ltr'>Moveat</span> <span class='ocrx_word' id='word_1_157' title='bbox 1082 1473 1274 1529; x_wconf 91' lang='lat' dir='ltr'>denique</span> <span class='ocrx_word' id='word_1_158' title='bbox 1304 1477 1350 1514; x_wconf 89' lang='lat' dir='ltr'>te</span> <span class='ocrx_word' id='word_1_159' title='bbox 1381 1471 1675 1514; x_wconf 90' lang='lat' dir='ltr'>crudelissimi</span> <span class='ocrx_word' id='word_1_160' title='bbox 1704 1469 1847 1512; x_wconf 87' lang='lat' dir='ltr'>hostis</span> <span class='ocrx_word' id='word_1_161' title='bbox 1875 1467 2064 1512; x_wconf 89' lang='lat' dir='ltr'>humani</span> 
     </span>
     <span class='ocr_line' id='line_1_19' title="bbox 369 1539 2062 1604; baseline -0.006 -13"><span class='ocrx_word' id='word_1_162' title='bbox 369 1548 541 1604; x_wconf 85' lang='lat' dir='ltr'>generis</span> <span class='ocrx_word' id='word_1_163' title='bbox 580 1546 848 1590; x_wconf 89' lang='lat' dir='ltr'>seducendis</span> <span class='ocrx_word' id='word_1_164' title='bbox 886 1550 931 1587; x_wconf 89' lang='lat' dir='ltr'>et</span> <span class='ocrx_word' id='word_1_165' title='bbox 970 1544 1280 1601; x_wconf 89' lang='lat' dir='ltr'>pervertendis</span> <span class='ocrx_word' id='word_1_166' title='bbox 1319 1543 1558 1585; x_wconf 89' lang='lat' dir='ltr'>animabus</span> <span class='ocrx_word' id='word_1_167' title='bbox 1597 1556 1775 1584; x_wconf 88' lang='lat' dir='ltr'>summa</span> <span class='ocrx_word' id='word_1_168' title='bbox 1813 1539 2062 1596; x_wconf 89' lang='lat' dir='ltr'>vigilantia,</span> 
     </span>
     <span class='ocr_line' id='line_1_20' title="bbox 370 1611 2065 1676; baseline -0.006 -14"><span class='ocrx_word' id='word_1_169' title='bbox 370 1619 448 1676; x_wconf 89' lang='lat' dir='ltr'>qui</span> <span class='ocrx_word' id='word_1_170' title='bbox 479 1634 571 1662; x_wconf 91' lang='lat' dir='ltr'>non</span> <span class='ocrx_word' id='word_1_171' title='bbox 604 1622 750 1661; x_wconf 90' lang='lat' dir='ltr'>cessat</span> <span class='ocrx_word' id='word_1_172' title='bbox 782 1616 1012 1660; x_wconf 89' lang='lat' dir='ltr'>ministros</span> <span class='ocrx_word' id='word_1_173' title='bbox 1042 1629 1146 1657; x_wconf 88' lang='lat' dir='ltr'>suos</span> <span class='ocrx_word' id='word_1_174' title='bbox 1176 1614 1411 1657; x_wconf 86' lang='lat' dir='ltr'>extradere</span> <span class='ocrx_word' id='word_1_175' title='bbox 1442 1613 1488 1655; x_wconf 93' lang='lat' dir='ltr'>in</span> <span class='ocrx_word' id='word_1_176' title='bbox 1518 1613 1616 1655; x_wconf 93' lang='lat' dir='ltr'>loca</span> <span class='ocrx_word' id='word_1_177' title='bbox 1647 1612 1786 1654; x_wconf 86' lang='lat' dir='ltr'>etiam</span> <span class='ocrx_word' id='word_1_178' title='bbox 1817 1611 2065 1668; x_wconf 85' lang='lat' dir='ltr'>periculosa</span> 
     </span>
     <span class='ocr_line' id='line_1_21' title="bbox 369 1681 2116 1738; baseline -0.007 -5"><span class='ocrx_word' id='word_1_179' title='bbox 369 1691 428 1733; x_wconf 90' lang='lat' dir='ltr'>ad</span> <span class='ocrx_word' id='word_1_180' title='bbox 466 1688 830 1732; x_wconf 89' lang='lat' dir='ltr'>disseminandas</span> <span class='ocrx_word' id='word_1_181' title='bbox 866 1688 1082 1729; x_wconf 90' lang='lat' dir='ltr'>haereses.</span> <span class='ocrx_word' id='word_1_182' title='bbox 1125 1686 1244 1728; x_wconf 90' lang='lat' dir='ltr'>Nam</span> <span class='ocrx_word' id='word_1_183' title='bbox 1281 1685 1328 1726; x_wconf 94' lang='lat' dir='ltr'>in</span> <span class='ocrx_word' id='word_1_184' title='bbox 1365 1684 1574 1726; x_wconf 85' lang='lat' dir='ltr'>civitates</span> <span class='ocrx_word' id='word_1_185' title='bbox 1611 1683 1841 1731; x_wconf 59' lang='lat' dir='ltr'>finitimas</span> <span class='ocrx_word' id='word_1_186' title='bbox 1882 1681 2116 1738; x_wconf 85' lang='lat' dir='ltr'>oppida,20</span> 
     </span>
     <span class='ocr_line' id='line_1_22' title="bbox 371 1752 2066 1813; baseline -0.006 -9"><span class='ocrx_word' id='word_1_187' title='bbox 371 1775 509 1811; x_wconf 89' lang='lat' dir='ltr'>arces,</span> <span class='ocrx_word' id='word_1_188' title='bbox 559 1760 758 1808; x_wconf 88' lang='lat' dir='ltr'>castella,</span> <span class='ocrx_word' id='word_1_189' title='bbox 807 1758 853 1800; x_wconf 91' lang='lat' dir='ltr'>in</span> <span class='ocrx_word' id='word_1_190' title='bbox 898 1757 1063 1813; x_wconf 91' lang='lat' dir='ltr'>quibus</span> <span class='ocrx_word' id='word_1_191' title='bbox 1109 1756 1274 1798; x_wconf 88' lang='lat' dir='ltr'>milites</span> <span class='ocrx_word' id='word_1_192' title='bbox 1319 1753 1597 1811; x_wconf 89' lang='lat' dir='ltr'>praesidiarii</span> <span class='ocrx_word' id='word_1_193' title='bbox 1642 1753 1868 1802; x_wconf 89' lang='lat' dir='ltr'>habitant,</span> <span class='ocrx_word' id='word_1_194' title='bbox 1917 1752 2066 1794; x_wconf 90' lang='lat' dir='ltr'>nullus</span> 
     </span>
     <span class='ocr_line' id='line_1_23' title="bbox 370 1825 2068 1880; baseline -0.006 -5"><span class='ocrx_word' id='word_1_195' title='bbox 370 1832 510 1874; x_wconf 90' lang='lat' dir='ltr'>audet</span> <span class='ocrx_word' id='word_1_196' title='bbox 545 1830 874 1874; x_wconf 88' lang='lat' dir='ltr'>catholicorum</span> <span class='ocrx_word' id='word_1_197' title='bbox 908 1827 1195 1870; x_wconf 90' lang='lat' dir='ltr'>sacerdotum</span> <span class='ocrx_word' id='word_1_198' title='bbox 1228 1826 1451 1874; x_wconf 87' lang='lat' dir='ltr'>accedere,</span> <span class='ocrx_word' id='word_1_199' title='bbox 1487 1825 1626 1867; x_wconf 89' lang='lat' dir='ltr'>etiam</span> <span class='ocrx_word' id='word_1_200' title='bbox 1659 1829 1849 1867; x_wconf 87' lang='lat' dir='ltr'>vocatus</span> <span class='ocrx_word' id='word_1_201' title='bbox 1883 1828 2068 1880; x_wconf 90' lang='lat' dir='ltr'>propter</span> 
     </span>
     <span class='ocr_line' id='line_1_24' title="bbox 371 1894 2066 1951; baseline -0.006 -6"><span class='ocrx_word' id='word_1_202' title='bbox 371 1903 552 1945; x_wconf 91' lang='lat' dir='ltr'>crebras</span> <span class='ocrx_word' id='word_1_203' title='bbox 593 1903 844 1944; x_wconf 91' lang='lat' dir='ltr'>Turcarum</span> <span class='ocrx_word' id='word_1_204' title='bbox 883 1897 1179 1947; x_wconf 86' lang='lat' dir='ltr'>excursiones,</span> <span class='ocrx_word' id='word_1_205' title='bbox 1221 1911 1276 1939; x_wconf 91' lang='lat' dir='ltr'>ne</span> <span class='ocrx_word' id='word_1_206' title='bbox 1315 1897 1374 1939; x_wconf 90' lang='lat' dir='ltr'>ab</span> <span class='ocrx_word' id='word_1_207' title='bbox 1413 1896 1497 1938; x_wconf 89' lang='lat' dir='ltr'>illis</span> <span class='ocrx_word' id='word_1_208' title='bbox 1535 1895 1774 1951; x_wconf 90' lang='lat' dir='ltr'>capiantur</span> <span class='ocrx_word' id='word_1_209' title='bbox 1811 1900 1892 1937; x_wconf 89' lang='lat' dir='ltr'>aut</span> <span class='ocrx_word' id='word_1_210' title='bbox 1931 1894 2066 1936; x_wconf 90' lang='lat' dir='ltr'>inter-</span> 
     </span>
     <span class='ocr_line' id='line_1_25' title="bbox 370 1966 2067 2016; baseline -0.005 -1"><span class='ocrx_word' id='word_1_211' title='bbox 370 1973 601 2016; x_wconf 90' lang='lat' dir='ltr'>ficiantur.</span> <span class='ocrx_word' id='word_1_212' title='bbox 661 1973 721 2014; x_wconf 92' lang='lat' dir='ltr'>At</span> <span class='ocrx_word' id='word_1_213' title='bbox 763 1969 957 2013; x_wconf 90' lang='lat' dir='ltr'>ministri</span> <span class='ocrx_word' id='word_1_214' title='bbox 998 1969 1216 2011; x_wconf 90' lang='lat' dir='ltr'>sathanae</span> <span class='ocrx_word' id='word_1_215' title='bbox 1257 1972 1302 2010; x_wconf 87' lang='lat' dir='ltr'>et</span> <span class='ocrx_word' id='word_1_216' title='bbox 1343 1981 1435 2010; x_wconf 91' lang='lat' dir='ltr'>non</span> <span class='ocrx_word' id='word_1_217' title='bbox 1475 1966 1626 2009; x_wconf 90' lang='lat' dir='ltr'>vocati</span> <span class='ocrx_word' id='word_1_218' title='bbox 1666 1967 1786 2008; x_wconf 87' lang='lat' dir='ltr'>ultro</span> <span class='ocrx_word' id='word_1_219' title='bbox 1826 1968 2067 2008; x_wconf 89' lang='lat' dir='ltr'>accurrunt</span> 
     </span>
     <span class='ocr_line' id='line_1_26' title="bbox 378 2035 2117 2099; baseline -0.006 -13"><span class='ocrx_word' id='word_1_220' title='bbox 378 2049 422 2086; x_wconf 89' lang='lat' dir='ltr'>et</span> <span class='ocrx_word' id='word_1_221' title='bbox 452 2058 557 2087; x_wconf 91' lang='lat' dir='ltr'>cum</span> <span class='ocrx_word' id='word_1_222' title='bbox 587 2042 784 2099; x_wconf 91' lang='lat' dir='ltr'>periculo</span> <span class='ocrx_word' id='word_1_223' title='bbox 812 2040 934 2083; x_wconf 84' lang='lat' dir='ltr'>vitae</span> <span class='ocrx_word' id='word_1_224' title='bbox 963 2039 1236 2095; x_wconf 87' lang='lat' dir='ltr'>miserosque</span> <span class='ocrx_word' id='word_1_225' title='bbox 1265 2038 1443 2087; x_wconf 90' lang='lat' dir='ltr'>milites,</span> <span class='ocrx_word' id='word_1_226' title='bbox 1474 2052 1497 2080; x_wconf 94' lang='lat' dir='ltr'>e</span> <span class='ocrx_word' id='word_1_227' title='bbox 1526 2037 1690 2094; x_wconf 91' lang='lat' dir='ltr'>quibus</span> <span class='ocrx_word' id='word_1_228' title='bbox 1718 2051 1837 2078; x_wconf 92' lang='lat' dir='ltr'>nunc</span> <span class='ocrx_word' id='word_1_229' title='bbox 1866 2035 2117 2092; x_wconf 80' lang='lat' dir='ltr'>triginta,25</span> 
     </span>
     <span class='ocr_line' id='line_1_27' title="bbox 371 2106 2069 2171; baseline -0.005 -14"><span class='ocrx_word' id='word_1_230' title='bbox 371 2129 496 2157; x_wconf 90' lang='lat' dir='ltr'>nunc</span> <span class='ocrx_word' id='word_1_231' title='bbox 522 2112 869 2171; x_wconf 79' lang='lat' dir='ltr'>quinquaginta,</span> <span class='ocrx_word' id='word_1_232' title='bbox 896 2124 1015 2153; x_wconf 89' lang='lat' dir='ltr'>nunc</span> <span class='ocrx_word' id='word_1_233' title='bbox 1040 2114 1237 2159; x_wconf 89' lang='lat' dir='ltr'>centum,</span> <span class='ocrx_word' id='word_1_234' title='bbox 1264 2123 1383 2152; x_wconf 90' lang='lat' dir='ltr'>nunc</span> <span class='ocrx_word' id='word_1_235' title='bbox 1408 2109 1547 2151; x_wconf 90' lang='lat' dir='ltr'>etiam</span> <span class='ocrx_word' id='word_1_236' title='bbox 1572 2107 1762 2150; x_wconf 89' lang='lat' dir='ltr'>trecenti</span> <span class='ocrx_word' id='word_1_237' title='bbox 1786 2107 1832 2149; x_wconf 93' lang='lat' dir='ltr'>in</span> <span class='ocrx_word' id='word_1_238' title='bbox 1856 2106 2069 2150; x_wconf 88' lang='lat' dir='ltr'>conflictu</span> 
     </span>
     <span class='ocr_line' id='line_1_28' title="bbox 376 2178 2069 2238; baseline -0.005 -10"><span class='ocrx_word' id='word_1_239' title='bbox 376 2186 561 2235; x_wconf 89' lang='lat' dir='ltr'>cadunt,</span> <span class='ocrx_word' id='word_1_240' title='bbox 597 2184 770 2227; x_wconf 86' lang='lat' dir='ltr'>faciunt</span> <span class='ocrx_word' id='word_1_241' title='bbox 804 2182 1030 2238; x_wconf 90' lang='lat' dir='ltr'>mancipia</span> <span class='ocrx_word' id='word_1_242' title='bbox 1076 2182 1362 2224; x_wconf 59' lang='lat' dir='ltr'>daemonum.</span> <span class='ocrx_word' id='word_1_243' title='bbox 1412 2181 1505 2222; x_wconf 90' lang='lat' dir='ltr'>Nec</span> <span class='ocrx_word' id='word_1_244' title='bbox 1551 2179 1604 2221; x_wconf 91' lang='lat' dir='ltr'>iis</span> <span class='ocrx_word' id='word_1_245' title='bbox 1650 2178 1853 2221; x_wconf 88' lang='lat' dir='ltr'>contenti</span> <span class='ocrx_word' id='word_1_246' title='bbox 1898 2178 2069 2234; x_wconf 87' lang='lat' dir='ltr'>absque</span> 
     </span>
     <span class='ocr_line' id='line_1_29' title="bbox 376 2247 2070 2306; baseline -0.005 -7"><span class='ocrx_word' id='word_1_247' title='bbox 376 2256 500 2299; x_wconf 92' lang='lat' dir='ltr'>omni</span> <span class='ocrx_word' id='word_1_248' title='bbox 533 2260 661 2299; x_wconf 87' lang='lat' dir='ltr'>metu</span> <span class='ocrx_word' id='word_1_249' title='bbox 693 2254 915 2297; x_wconf 88' lang='lat' dir='ltr'>accedunt</span> <span class='ocrx_word' id='word_1_250' title='bbox 948 2252 1087 2295; x_wconf 89' lang='lat' dir='ltr'>etiam</span> <span class='ocrx_word' id='word_1_251' title='bbox 1120 2252 1179 2294; x_wconf 92' lang='lat' dir='ltr'>ad</span> <span class='ocrx_word' id='word_1_252' title='bbox 1210 2251 1432 2300; x_wconf 88' lang='lat' dir='ltr'>civitates,</span> <span class='ocrx_word' id='word_1_253' title='bbox 1468 2249 1635 2306; x_wconf 90' lang='lat' dir='ltr'>oppida</span> <span class='ocrx_word' id='word_1_254' title='bbox 1667 2254 1712 2292; x_wconf 90' lang='lat' dir='ltr'>et</span> <span class='ocrx_word' id='word_1_255' title='bbox 1745 2263 1884 2305; x_wconf 88' lang='lat' dir='ltr'>pagos</span> <span class='ocrx_word' id='word_1_256' title='bbox 1914 2247 2070 2290; x_wconf 91' lang='lat' dir='ltr'>Turcis</span> 
     </span>
     <span class='ocr_line' id='line_1_30' title="bbox 372 2320 2070 2381; baseline -0.006 -11"><span class='ocrx_word' id='word_1_257' title='bbox 372 2327 606 2369; x_wconf 90' lang='lat' dir='ltr'>subiectos</span> <span class='ocrx_word' id='word_1_258' title='bbox 645 2331 691 2368; x_wconf 88' lang='lat' dir='ltr'>et</span> <span class='ocrx_word' id='word_1_259' title='bbox 733 2325 768 2367; x_wconf 89' lang='lat' dir='ltr'>si</span> <span class='ocrx_word' id='word_1_260' title='bbox 808 2338 922 2381; x_wconf 93' lang='lat' dir='ltr'>quos</span> <span class='ocrx_word' id='word_1_261' title='bbox 961 2323 1008 2365; x_wconf 92' lang='lat' dir='ltr'>in</span> <span class='ocrx_word' id='word_1_262' title='bbox 1047 2323 1132 2364; x_wconf 89' lang='lat' dir='ltr'>illis</span> <span class='ocrx_word' id='word_1_263' title='bbox 1171 2321 1416 2364; x_wconf 90' lang='lat' dir='ltr'>catholicos</span> <span class='ocrx_word' id='word_1_264' title='bbox 1454 2320 1722 2370; x_wconf 90' lang='lat' dir='ltr'>invenerint,</span> <span class='ocrx_word' id='word_1_265' title='bbox 1765 2320 1939 2362; x_wconf 91' lang='lat' dir='ltr'>nullum</span> <span class='ocrx_word' id='word_1_266' title='bbox 1979 2333 2070 2361; x_wconf 89' lang='lat' dir='ltr'>non</span> 
     </span>
     <span class='ocr_line' id='line_1_31' title="bbox 373 2391 2120 2453; baseline -0.006 -12"><span class='ocrx_word' id='word_1_267' title='bbox 373 2402 560 2441; x_wconf 88' lang='lat' dir='ltr'>movent</span> <span class='ocrx_word' id='word_1_268' title='bbox 592 2396 805 2453; x_wconf 91' lang='lat' dir='ltr'>lapidem,</span> <span class='ocrx_word' id='word_1_269' title='bbox 845 2399 898 2437; x_wconf 92' lang='lat' dir='ltr'>ut</span> <span class='ocrx_word' id='word_1_270' title='bbox 924 2394 1021 2436; x_wconf 93' lang='lat' dir='ltr'>illos</span> <span class='ocrx_word' id='word_1_271' title='bbox 1045 2393 1091 2435; x_wconf 92' lang='lat' dir='ltr'>in</span> <span class='ocrx_word' id='word_1_272' title='bbox 1116 2407 1220 2435; x_wconf 91' lang='lat' dir='ltr'>suos</span> <span class='ocrx_word' id='word_1_273' title='bbox 1256 2406 1425 2435; x_wconf 90' lang='lat' dir='ltr'>errores</span> <span class='ocrx_word' id='word_1_274' title='bbox 1462 2393 1745 2448; x_wconf 90' lang='lat' dir='ltr'>protrahant.</span> <span class='ocrx_word' id='word_1_275' title='bbox 1789 2391 1938 2446; x_wconf 90' lang='lat' dir='ltr'>Turpe</span> <span class='ocrx_word' id='word_1_276' title='bbox 1963 2403 2069 2432; x_wconf 86' lang='lat' dir='ltr'>sane</span> <span class='ocrx_word' id='word_1_277' title='bbox 2081 2402 2120 2430; x_wconf 82' lang='lat'>3⁰</span> 
     </span>
     <span class='ocr_line' id='line_1_32' title="bbox 374 2461 2070 2521; baseline -0.005 -10"><span class='ocrx_word' id='word_1_278' title='bbox 374 2468 508 2511; x_wconf 79' lang='lat' dir='ltr'>fuerit</span> <span class='ocrx_word' id='word_1_279' title='bbox 548 2473 595 2510; x_wconf 92' lang='lat' dir='ltr'>et</span> <span class='ocrx_word' id='word_1_280' title='bbox 632 2468 679 2509; x_wconf 91' lang='lat' dir='ltr'>in</span> <span class='ocrx_word' id='word_1_281' title='bbox 716 2466 801 2510; x_wconf 90' lang='lat' dir='ltr'>Dei</span> <span class='ocrx_word' id='word_1_282' title='bbox 839 2469 1084 2521; x_wconf 91' lang='lat' dir='ltr'>conspectu</span> <span class='ocrx_word' id='word_1_283' title='bbox 1128 2477 1335 2506; x_wconf 90' lang='lat' dir='ltr'>amarum</span> <span class='ocrx_word' id='word_1_284' title='bbox 1372 2463 1566 2505; x_wconf 89' lang='lat' dir='ltr'>dedecus</span> <span class='ocrx_word' id='word_1_285' title='bbox 1616 2461 1730 2504; x_wconf 91' lang='lat' dir='ltr'>filios</span> <span class='ocrx_word' id='word_1_286' title='bbox 1780 2461 2070 2503; x_wconf 89' lang='lat' dir='ltr'>tenebrarum</span> 
     </span>
     <span class='ocr_line' id='line_1_33' title="bbox 374 2533 2071 2595; baseline -0.005 -14"><span class='ocrx_word' id='word_1_287' title='bbox 374 2538 676 2595; x_wconf 85' lang='lat' dir='ltr'>diligentiores</span> <span class='ocrx_word' id='word_1_288' title='bbox 736 2551 829 2580; x_wconf 91' lang='lat' dir='ltr'>esse</span> <span class='ocrx_word' id='word_1_289' title='bbox 871 2536 917 2578; x_wconf 90' lang='lat' dir='ltr'>in</span> <span class='ocrx_word' id='word_1_290' title='bbox 969 2534 1246 2578; x_wconf 88' lang='lat' dir='ltr'>abducendis</span> <span class='ocrx_word' id='word_1_291' title='bbox 1301 2535 1557 2576; x_wconf 79' lang='lat' dir='ltr'>hominibus</span> <span class='ocrx_word' id='word_1_292' title='bbox 1609 2548 1634 2574; x_wconf 87' lang='lat' dir='ltr'>a</span> <span class='ocrx_word' id='word_1_293' title='bbox 1687 2533 1877 2581; x_wconf 87' lang='lat' dir='ltr'>Christo,</span> <span class='ocrx_word' id='word_1_294' title='bbox 1930 2545 2071 2587; x_wconf 88' lang='lat' dir='ltr'>quarn</span> 
     </span>
     <span class='ocr_line' id='line_1_34' title="bbox 372 2602 2071 2661; baseline -0.005 -9"><span class='ocrx_word' id='word_1_295' title='bbox 372 2624 456 2652; x_wconf 76' lang='lat' dir='ltr'>ncs</span> <span class='ocrx_word' id='word_1_296' title='bbox 492 2611 535 2652; x_wconf 82' lang='lat' dir='ltr'>in</span> <span class='ocrx_word' id='word_1_297' title='bbox 571 2609 839 2652; x_wconf 73' lang='lat' dir='ltr'>reducendis</span> <span class='ocrx_word' id='word_1_298' title='bbox 884 2607 944 2650; x_wconf 92' lang='lat' dir='ltr'>ad</span> <span class='ocrx_word' id='word_1_299' title='bbox 986 2605 1193 2648; x_wconf 88' lang='lat' dir='ltr'>veritatis</span> <span class='ocrx_word' id='word_1_300' title='bbox 1235 2605 1400 2647; x_wconf 90' lang='lat' dir='ltr'>lumen.</span> <span class='ocrx_word' id='word_1_301' title='bbox 1448 2604 1554 2646; x_wconf 90' lang='lat' dir='ltr'>Illos</span> <span class='ocrx_word' id='word_1_302' title='bbox 1599 2618 1679 2661; x_wconf 89' lang='lat' dir='ltr'>pro</span> <span class='ocrx_word' id='word_1_303' title='bbox 1726 2602 1923 2645; x_wconf 81' lang='lat' dir='ltr'>falsitate</span> <span class='ocrx_word' id='word_1_304' title='bbox 1969 2615 2071 2657; x_wconf 91' lang='lat' dir='ltr'>pro-</span> 
     </span>
     <span class='ocr_line' id='line_1_35' title="bbox 375 2673 2068 2736; baseline -0.006 -13"><span class='ocrx_word' id='word_1_305' title='bbox 375 2680 584 2736; x_wconf 84' lang='lat' dir='ltr'>paganda</span> <span class='ocrx_word' id='word_1_306' title='bbox 629 2684 726 2722; x_wconf 92' lang='lat' dir='ltr'>tam</span> <span class='ocrx_word' id='word_1_307' title='bbox 773 2679 910 2721; x_wconf 93' lang='lat' dir='ltr'>duros</span> <span class='ocrx_word' id='word_1_308' title='bbox 955 2682 1001 2719; x_wconf 89' lang='lat' dir='ltr'>et</span> <span class='ocrx_word' id='word_1_309' title='bbox 1047 2677 1260 2719; x_wconf 88' lang='lat' dir='ltr'>molestos</span> <span class='ocrx_word' id='word_1_310' title='bbox 1305 2679 1466 2731; x_wconf 91' lang='lat' dir='ltr'>sponte</span> <span class='ocrx_word' id='word_1_311' title='bbox 1511 2688 1737 2717; x_wconf 90' lang='lat' dir='ltr'>assumere</span> <span class='ocrx_word' id='word_1_312' title='bbox 1781 2673 1969 2722; x_wconf 90' lang='lat' dir='ltr'>labores,</span> <span class='ocrx_word' id='word_1_313' title='bbox 2022 2675 2068 2714; x_wconf 88' lang='lat' dir='ltr'>et</span> 
     </span>
    </p>
   </div>
   <div class='ocr_carea' id='block_1_3' title="bbox 375 2742 2188 2806">
    <p class='ocr_par' dir='ltr' id='par_1_3' title="bbox 375 2742 2188 2806">
     <span class='ocr_line' id='line_1_36' title="bbox 375 2742 2188 2806; baseline -0.006 -13"><span class='ocrx_word' id='word_1_314' title='bbox 375 2765 456 2793; x_wconf 94' lang='lat' dir='ltr'>nos</span> <span class='ocrx_word' id='word_1_315' title='bbox 507 2765 588 2806; x_wconf 91' lang='lat' dir='ltr'>pro</span> <span class='ocrx_word' id='word_1_316' title='bbox 637 2750 831 2792; x_wconf 89' lang='lat' dir='ltr'>veritate</span> <span class='ocrx_word' id='word_1_317' title='bbox 881 2748 1028 2790; x_wconf 90' lang='lat' dir='ltr'>nullos</span> <span class='ocrx_word' id='word_1_318' title='bbox 1085 2746 1268 2790; x_wconf 89' lang='lat' dir='ltr'>omnino</span> <span class='ocrx_word' id='word_1_319' title='bbox 1326 2745 1473 2788; x_wconf 87' lang='lat' dir='ltr'>subire</span> <span class='ocrx_word' id='word_1_320' title='bbox 1524 2745 1649 2787; x_wconf 89' lang='lat' dir='ltr'>velle.</span> <span class='ocrx_word' id='word_1_321' title='bbox 1711 2744 1843 2800; x_wconf 77' lang='lat' dir='ltr'>Quod</span> <span class='ocrx_word' id='word_1_322' title='bbox 1893 2742 1929 2785; x_wconf 93' lang='lat' dir='ltr'>si</span> <span class='ocrx_word' id='word_1_323' title='bbox 1982 2742 2121 2784; x_wconf 79' lang='lat' dir='ltr'>for-35</span> <span class='ocrx_word' id='word_1_324' title='bbox 2186 2787 2188 2799; x_wconf 49' lang='grc' dir='ltr'>Ι</span> 
     </span>
    </p>
   </div>
   <div class='ocr_carea' id='block_1_4' title="bbox 375 2813 2116 3186">
    <p class='ocr_par' dir='ltr' id='par_1_4' title="bbox 375 2813 2116 3186">
     <span class='ocr_line' id='line_1_37' title="bbox 375 2813 2070 2875; baseline -0.006 -11"><span class='ocrx_word' id='word_1_325' title='bbox 375 2827 494 2864; x_wconf 87' lang='lat' dir='ltr'>tasse</span> <span class='ocrx_word' id='word_1_326' title='bbox 541 2820 691 2863; x_wconf 91' lang='lat' dir='ltr'>minus</span> <span class='ocrx_word' id='word_1_327' title='bbox 736 2825 917 2875; x_wconf 87' lang='lat' dir='ltr'>gratum</span> <span class='ocrx_word' id='word_1_328' title='bbox 963 2820 1060 2861; x_wconf 91' lang='lat' dir='ltr'>Deo</span> <span class='ocrx_word' id='word_1_329' title='bbox 1107 2817 1382 2860; x_wconf 89' lang='lat' dir='ltr'>arbitramur</span> <span class='ocrx_word' id='word_1_330' title='bbox 1427 2815 1705 2858; x_wconf 90' lang='lat' dir='ltr'>haereticum</span> <span class='ocrx_word' id='word_1_331' title='bbox 1741 2819 1822 2856; x_wconf 90' lang='lat' dir='ltr'>aut</span> <span class='ocrx_word' id='word_1_332' title='bbox 1857 2813 2070 2856; x_wconf 89' lang='lat' dir='ltr'>schisma-</span> 
     </span>
     <span class='ocr_line' id='line_1_38' title="bbox 376 2884 2070 2941; baseline -0.005 -7"><span class='ocrx_word' id='word_1_333' title='bbox 376 2893 518 2934; x_wconf 89' lang='lat' dir='ltr'>ticum</span> <span class='ocrx_word' id='word_1_334' title='bbox 547 2892 607 2934; x_wconf 92' lang='lat' dir='ltr'>ad</span> <span class='ocrx_word' id='word_1_335' title='bbox 635 2890 877 2933; x_wconf 90' lang='lat' dir='ltr'>veritatem</span> <span class='ocrx_word' id='word_1_336' title='bbox 900 2889 1109 2932; x_wconf 89' lang='lat' dir='ltr'>ecclesiae</span> <span class='ocrx_word' id='word_1_337' title='bbox 1132 2893 1315 2931; x_wconf 87' lang='lat' dir='ltr'>sanctae</span> <span class='ocrx_word' id='word_1_338' title='bbox 1341 2888 1587 2935; x_wconf 89' lang='lat' dir='ltr'>Romanae,</span> <span class='ocrx_word' id='word_1_339' title='bbox 1619 2890 1750 2928; x_wconf 87' lang='lat' dir='ltr'>extra</span> <span class='ocrx_word' id='word_1_340' title='bbox 1778 2899 1917 2941; x_wconf 90' lang='lat' dir='ltr'>quam</span> <span class='ocrx_word' id='word_1_341' title='bbox 1946 2884 2070 2926; x_wconf 89' lang='lat' dir='ltr'>nulla</span> 
     </span>
     <span class='ocr_line' id='line_1_39' title="bbox 377 2955 2067 3017; baseline -0.005 -12"><span class='ocrx_word' id='word_1_342' title='bbox 377 2968 444 3006; x_wconf 83' lang='lat' dir='ltr'>est</span> <span class='ocrx_word' id='word_1_343' title='bbox 467 2958 612 3012; x_wconf 71' lang='lat' dir='ltr'>salus,r</span> <span class='ocrx_word' id='word_1_344' title='bbox 625 2962 848 3010; x_wconf 86' lang='lat' dir='ltr'>reducere,</span> <span class='ocrx_word' id='word_1_345' title='bbox 867 2974 1005 3017; x_wconf 92' lang='lat' dir='ltr'>quam</span> <span class='ocrx_word' id='word_1_346' title='bbox 1020 2973 1249 3015; x_wconf 86' lang='lat' dir='ltr'>paganum</span> <span class='ocrx_word' id='word_1_347' title='bbox 1271 2958 1330 3000; x_wconf 92' lang='lat' dir='ltr'>ad</span> <span class='ocrx_word' id='word_1_348' title='bbox 1351 2958 1487 3000; x_wconf 89' lang='lat' dir='ltr'>fidem</span> <span class='ocrx_word' id='word_1_349' title='bbox 1509 2956 1780 2999; x_wconf 91' lang='lat' dir='ltr'>catholicam</span> <span class='ocrx_word' id='word_1_350' title='bbox 1802 2955 2037 2997; x_wconf 89' lang='lat' dir='ltr'>traducere</span> <span class='ocrx_word' id='word_1_351' title='bbox 2058 2967 2067 3004; x_wconf 87' lang='lat'>;</span> 
     </span>
     <span class='ocr_line' id='line_1_40' title="bbox 378 3026 2068 3089; baseline -0.006 -13"><span class='ocrx_word' id='word_1_352' title='bbox 378 3048 483 3076; x_wconf 90' lang='lat' dir='ltr'>sane</span> <span class='ocrx_word' id='word_1_353' title='bbox 514 3047 627 3089; x_wconf 93' lang='lat' dir='ltr'>opus</span> <span class='ocrx_word' id='word_1_354' title='bbox 656 3033 787 3088; x_wconf 87' lang='lat' dir='ltr'>longe</span> <span class='ocrx_word' id='word_1_355' title='bbox 819 3030 1045 3073; x_wconf 85' lang='lat' dir='ltr'>difficilius</span> <span class='ocrx_word' id='word_1_356' title='bbox 1076 3035 1121 3072; x_wconf 91' lang='lat' dir='ltr'>et</span> <span class='ocrx_word' id='word_1_357' title='bbox 1151 3031 1248 3072; x_wconf 88' lang='lat' dir='ltr'>Deo</span> <span class='ocrx_word' id='word_1_358' title='bbox 1277 3028 1422 3071; x_wconf 89' lang='lat' dir='ltr'>multo</span> <span class='ocrx_word' id='word_1_359' title='bbox 1451 3027 1624 3084; x_wconf 91' lang='lat' dir='ltr'>gratius</span> <span class='ocrx_word' id='word_1_360' title='bbox 1652 3040 1745 3069; x_wconf 88' lang='lat' dir='ltr'>esse</span> <span class='ocrx_word' id='word_1_361' title='bbox 1774 3030 1888 3082; x_wconf 87' lang='lat' dir='ltr'>puto</span> <span class='ocrx_word' id='word_1_362' title='bbox 1915 3026 2068 3068; x_wconf 91' lang='lat' dir='ltr'>haere-</span> 
     </span>
     <span class='ocr_line' id='line_1_41' title="bbox 379 3095 2116 3154; baseline -0.005 -8"><span class='ocrx_word' id='word_1_363' title='bbox 379 3104 521 3147; x_wconf 89' lang='lat' dir='ltr'>ticum</span> <span class='ocrx_word' id='word_1_364' title='bbox 563 3104 622 3147; x_wconf 89' lang='lat' dir='ltr'>ab</span> <span class='ocrx_word' id='word_1_365' title='bbox 664 3116 810 3145; x_wconf 91' lang='lat' dir='ltr'>errore</span> <span class='ocrx_word' id='word_1_366' title='bbox 853 3102 912 3144; x_wconf 89' lang='lat' dir='ltr'>ad</span> <span class='ocrx_word' id='word_1_367' title='bbox 952 3100 1160 3143; x_wconf 88' lang='lat' dir='ltr'>veritatis</span> <span class='ocrx_word' id='word_1_368' title='bbox 1201 3101 1353 3142; x_wconf 92' lang='lat' dir='ltr'>lumen</span> <span class='ocrx_word' id='word_1_369' title='bbox 1395 3112 1618 3147; x_wconf 88' lang='lat' dir='ltr'>revocare,</span> <span class='ocrx_word' id='word_1_370' title='bbox 1662 3111 1801 3154; x_wconf 90' lang='lat' dir='ltr'>quam</span> <span class='ocrx_word' id='word_1_371' title='bbox 1843 3095 2116 3139; x_wconf 78' lang='lat' dir='ltr'>infidelem4o</span> 
     </span>
     <span class='ocr_line' id='line_1_42' title="bbox 443 3172 2071 3186; baseline -0.005 -2"><span class='ocrx_word' id='word_1_372' title='bbox 443 3172 2071 3186; x_wconf 43' lang='grc' dir='ltr'>μμ</span> 
     </span>
    </p>
   </div>
   <div class='ocr_carea' id='block_1_5' title="bbox 509 3201 894 3247">
    <p class='ocr_par' dir='ltr' id='par_1_5' title="bbox 509 3201 894 3247">
     <span class='ocr_line' id='line_1_43' title="bbox 509 3201 894 3247; baseline -0.005 -10"><span class='ocrx_word' id='word_1_373' title='bbox 509 3203 539 3225; x_wconf 81' lang='lat'>1⁹</span> <span class='ocrx_word' id='word_1_374' title='bbox 567 3203 727 3237; x_wconf 67' lang='lat' dir='ltr'>Trakiai</span> <span class='ocrx_word' id='word_1_375' title='bbox 754 3201 894 3247; x_wconf 73' lang='lat' dir='ltr'>kiraly.</span> 
     </span>
    </p>
   </div>
   <div class='ocr_carea' id='block_1_6' title="bbox 2172 2763 2188 3362">
    <p class='ocr_par' dir='ltr' id='par_1_6' title="bbox 2172 2763 2188 3362">
     <span class='ocr_line' id='line_1_44' title="bbox 2172 2763 2188 3362; baseline 0 173"><span class='ocrx_word' id='word_1_376' title='bbox 2172 2763 2188 3362; x_wconf 95' lang='lat' dir='ltr'> </span> 
     </span>
    </p>
   </div>
   <div class='ocr_carea' id='block_1_7' title="bbox 2184 471 2188 1222">
    <p class='ocr_par' dir='ltr' id='par_1_7' title="bbox 2184 471 2188 1222">
     <span class='ocr_line' id='line_1_45' title="bbox 2184 471 2188 1222; baseline 0 0"><span class='ocrx_word' id='word_1_377' title='bbox 2184 471 2188 1222; x_wconf 95' lang='lat' dir='ltr'> </span> 
     </span>
    </p>
   </div>
  </div>
 </body>
</html>
