2188 3535
71 237 164 282 1583
198 234 341 268 marca
379 236 441 278 18]
839 238 913 272 No.
945 239 993 283 89
1691 247 1761 284 275

66 354 113 396 in
124 352 220 396 aliis
230 353 375 403 rebus,
390 366 507 408 quae
519 352 782 396 viderentur
792 355 911 398 hisce
928 355 1089 412 regulis
1105 356 1297 407 obstare,
1315 355 1655 412 intelligendum
1675 361 1758 405 est,

67 429 118 466 ut
140 423 292 466 omnia
313 423 520 466 ordinate
542 424 655 466 fiant
678 425 737 466 ad
758 425 939 469 laudem
961 431 1006 469 et
1030 426 1217 482 gloriam
1240 426 1422 469 Domini
1443 427 1552 482 Jesu
1574 427 1754 470 Christi.

652 531 719 572 De
751 532 874 573 modo
906 533 1172 575 admittendi.

201 613 491 669 Quamquam
523 627 630 656 vero
666 614 941 657 admittendi
979 615 1095 657 ratio
1134 615 1388 658 accuratius
1426 615 1479 657 iis
1517 615 1563 657 in
1601 615 1764 672 regulis

20 701 38 728 5
67 683 185 726 cerni
221 683 402 739 poterit,
441 697 556 740 quas
592 683 769 727 Vienna
805 685 877 727 vel
919 685 1153 728 Olomucio
1190 686 1527 742 quamprimum
1562 686 1760 736 mittam,

65 754 246 798 interim
289 759 445 797 tamen
488 755 598 797 haec
642 756 1018 799 observabuntur.
1065 757 1132 799 Ne
1184 757 1342 799 statim
1384 757 1430 799 in
1473 757 1763 799 seminarium

66 825 383 875 admittantur,
409 824 684 882 quicumque
714 826 893 869 aliunde
925 827 997 869 vel
1029 827 1271 870 mittentur
1302 832 1382 870 aut
1415 828 1636 870 venerint.
1673 828 1761 870 Sed

66 895 262 952 primum
280 896 455 938 scholas
473 896 648 952 aliquos
667 897 760 939 dies
779 897 1080 954 frequentent,
1101 898 1147 940 in
1165 898 1329 954 quibus
1347 898 1511 954 ingenii
1529 898 1757 954 specimen

66 967 233 1010 edant:
274 981 519 1022 eorumque
557 968 808 1023 propensio,
849 968 942 1011 sive
980 968 1183 1024 pronitas
1220 973 1396 1011 attente
1434 969 1492 1011 ab
1529 969 1755 1025 aliquibus

23 1054 55 1082 10
66 1038 342 1080 observetur.
396 1037 593 1094 Quinam
637 1053 743 1081 vero
784 1038 831 1081 id
874 1040 1112 1082 observare
1158 1039 1366 1089 debeant,
1400 1039 1615 1082 iudicium
1659 1044 1757 1082 esto

67 1113 166 1151 tum
185 1108 415 1164 praefecti,
437 1114 538 1151 tum
559 1110 612 1151 R.
636 1110 684 1151 P.
706 1109 903 1159 rectoris,
924 1110 1008 1152 nisi
1027 1110 1074 1152 id
1091 1114 1243 1152 totum
1262 1109 1489 1165 praefecto
1508 1109 1759 1165 relinquere

68 1178 273 1222 voluerit.
312 1179 425 1222 Cum
460 1194 566 1222 vero
602 1179 649 1221 in
685 1180 974 1223 seminarium
1009 1180 1322 1222 admittendus
1355 1179 1643 1229 iudicabitur,
1681 1194 1760 1236 per

68 1249 240 1306 aliquot
275 1264 442 1305 paucos
477 1250 583 1299 dies,
615 1265 670 1292 ne
702 1251 741 1293 ei
772 1251 960 1293 minima
991 1265 1094 1293 cum
1128 1251 1225 1293 aliis
1258 1250 1541 1293 familiaritas
1575 1251 1760 1306 permit-

68 1325 207 1363 tatur.
251 1320 370 1377 Quin
405 1335 512 1363 vero
547 1321 770 1377 expediet,
806 1326 859 1363 ut
894 1321 1065 1365 octidui
1100 1321 1247 1377 spatio
1282 1321 1526 1377 separatim
1558 1326 1758 1370 maneat,

22 1409 55 1436 15
67 1391 210 1448 iisque
232 1392 286 1434 de
308 1393 441 1434 rebus
464 1398 509 1434 et
533 1392 758 1434 seminarii
780 1392 951 1447 legibus
973 1392 1230 1448 diligentius
1250 1392 1502 1435 instruatur
1519 1406 1528 1443 ;
1555 1392 1617 1434 sic
1639 1393 1759 1435 enim

68 1462 210 1518 magis
245 1462 505 1518 disciplinae
539 1463 797 1505 observatio
831 1462 893 1504 illi
927 1463 1137 1518 placebit,
1163 1463 1330 1520 quique
1360 1462 1557 1505 rationes
1591 1463 1759 1505 ordinis

69 1533 163 1575 eius
194 1533 391 1589 primum
423 1533 632 1582 audierit,
667 1548 771 1589 erga
803 1533 1013 1576 eumdem
1045 1533 1220 1576 facilius
1251 1533 1486 1576 afficietur.
1522 1534 1759 1577 Caeterum

69 1618 123 1646 ex
139 1604 398 1660 Hungariae
421 1618 557 1660 regno
580 1604 753 1647 alumni
776 1604 1049 1647 admittendi
1072 1609 1217 1653 erunt,
1235 1605 1314 1647 sed
1335 1604 1518 1647 omnino
1540 1604 1760 1660 imprimis

69 1679 168 1717 tum
194 1690 249 1717 ex
273 1674 600 1731 Transylvanis
625 1680 670 1717 et
697 1690 752 1717 ex
779 1675 1011 1717 Saxonicis
1036 1675 1312 1724 civitatibus,
1340 1680 1441 1718 turn
1466 1690 1522 1718 ex
1545 1675 1598 1718 iis
1624 1675 1758 1718 comi-

22 1762 56 1790 20
70 1745 255 1797 tatibus,
292 1746 370 1802 qui
404 1750 534 1789 extra
567 1746 945 1802 Transylvaniam
980 1746 1083 1788 1111120
1116 1745 1307 1803 principi
1339 1751 1513 1803 parent.

726 1853 793 1895 De
824 1854 1105 1896 dimittendis.

205 1935 292 1990 Qui
334 1935 425 1977 iam
468 1948 550 1976 sua
592 1934 744 1977 studia
786 1935 1076 1985 absolverint,
1123 1940 1203 1978 aut
1253 1950 1304 1978 eo
1352 1949 1495 1991 usque
1542 1934 1762 1991 progressi

71 2005 345 2054 viderentur,
380 2005 457 2061 qui
503 2005 604 2047 usui
644 2005 776 2047 alicui
816 2005 1085 2062 reipublicae
1112 2020 1164 2049 ac
1190 2020 1325 2062 regno
1352 2020 1446 2049 esse
1472 2010 1700 2061 poterunt,
1728 2005 1760 2047 ii

71 2076 240 2118 dimitti
271 2080 500 2132 poterunt.

24 2164 58 2191 25
199 2146 245 2189 Si
265 2146 312 2189 in
332 2147 542 2189 morbum
564 2146 761 2202 aliquem
783 2147 854 2189 vel
875 2147 1107 2203 paralysis,
1131 2147 1203 2190 vel
1243 2147 1337 2190 eius
1357 2146 1528 2203 generis
1548 2147 1758 2189 morbum

70 2217 317 2260 inciderent
334 2231 344 2268 ;
382 2217 460 2273 qui
496 2216 678 2259 difficile
710 2222 951 2268 curantur;

200 2288 245 2331 51
283 2289 489 2337 obscena,
532 2292 577 2330 et
616 2288 769 2344 turpia
807 2292 991 2344 agentes
1029 2288 1100 2330 vel
1138 2288 1373 2344 loquentes
1411 2287 1507 2330 aliis
1545 2287 1757 2330 scandalo

73 2364 232 2409 essent,
266 2373 411 2415 neque
443 2358 679 2408 admoniti,
712 2358 826 2401 serio
857 2358 1192 2415 resipiscerent;

201 2430 246 2473 51
292 2430 411 2472 fures
459 2434 503 2472 et
551 2429 674 2485 pacis
721 2429 993 2472 domesticae
1040 2429 1309 2478 turbatores,
1358 2442 1439 2471 nec
1479 2428 1682 2471 ordinem
1716 2432 1762 2470 et

27 2517 60 2544 30
72 2499 334 2544 institutum
370 2499 597 2544 seminarii
633 2500 759 2556 sequi
794 2500 990 2548 vellent;

201 2572 246 2614 51
281 2571 555 2628 perniciosas
591 2571 820 2613 doctrinas
856 2575 901 2613 et
937 2570 1073 2612 libros
1122 2569 1274 2612 invehi
1323 2574 1545 2619 curarent,
1596 2574 1676 2612 aut
1713 2569 1760 2612 in

74 2655 251 2685 summa
283 2647 442 2685 contra
474 2641 701 2685 seminarii
735 2643 905 2684 bonum
939 2640 1262 2696 intelligeretur
1294 2654 1401 2691 esse,
1426 2640 1462 2683 si
1494 2640 1664 2683 diutius
1697 2639 1761 2682 ibi

75 2718 473 2763 commorarentur,
505 2726 661 2755 omnes
690 2711 908 2755 eiusmodi
941 2710 1225 2767 (praemoniti
1254 2715 1421 2760 tamen,
1452 2715 1497 2754 et
1526 2710 1762 2753 charitatis

75 2788 301 2838 paternae,
326 2788 466 2840 atque
489 2783 629 2827 studii
652 2783 817 2826 solidas
838 2782 884 2824 in
906 2782 1134 2838 praefecto
1156 2781 1352 2824 rationes
1374 2781 1562 2838 experti)
1589 2781 1761 2824 dimitti

30 2870 66 2897 35
77 2853 318 2904 debebunt,
363 2854 569 2898 adhibito
611 2854 734 2910 prius
776 2858 879 2910 post
921 2867 1015 2896 rem
1058 2854 1154 2895 Deo
1192 2852 1557 2895 commendatam
1589 2846 1662 2895 Rdi
1710 2853 1760 2895 P.

77 2925 258 2968 rectoris
290 2925 487 2975 consilio,
523 2925 617 2968 sive
649 2939 819 2974 eorum,
854 2938 967 2981 quos
999 2923 1071 2966 ille
1102 2922 1384 2966 iudicaverit.

696 3032 861 3074 Modus
891 3030 1148 3073 dimittendi.

206 3112 252 3155 Is
286 3118 452 3164 autem,
478 3113 555 3170 qui
590 3113 733 3156 iustas
768 3113 826 3157 ob
861 3125 1019 3156 causas
1054 3110 1224 3154 dimitti
1259 3109 1454 3160 debebit,
1492 3109 1643 3152 danda
1677 3109 1762 3152 erit

79 3196 227 3239 opera,
254 3188 306 3225 ut
333 3183 368 3225 si
395 3184 495 3241 quis
521 3198 544 3226 e
570 3183 854 3227 senatoribus
880 3187 959 3226 aut
986 3181 1224 3239 primarius
1249 3180 1410 3238 aliquis
1435 3180 1548 3224 alius
1573 3179 1643 3223 vir
1667 3179 1763 3223 eius

1561 3271 1625 3305 18*
