2188 3535
135 1757 202 1790 Jan.
229 1764 269 1790 17.

294 215 364 252 186
1057 211 1131 246 No.
1164 220 1212 255 59
1648 212 1761 257 [1581
1798 215 1921 258 szept.
1960 223 1974 248 1

291 333 555 389 Hieronymi
598 337 642 374 et
684 346 738 373 ex
779 329 978 385 margine
1007 328 1261 384 irrepsisse;
1294 329 1404 372 alias
1434 334 1589 373 autem
1619 330 1768 372 minus
1798 334 1980 386 apertas

290 405 546 461 scripturas,
598 415 712 458 quae
763 413 843 455 pro
892 399 1108 455 mysterio
1159 400 1353 443 Sanctae
1388 401 1624 444 Trinitatis
1673 401 1976 452 adducuntur,

289 491 368 533 per
394 474 558 517 similes
585 472 832 527 scripturae
859 470 980 513 locos
1008 470 1269 514 declarabat
1297 476 1342 514 et
1370 471 1416 514 in
1444 486 1574 514 suam
1602 472 1814 513 trahebat
1859 471 1979 514 utili-

290 551 462 594 tatem;
492 542 678 599 proinde
706 556 761 584 ex
788 541 1013 597 scriptura
1039 555 1144 584 eum
1171 543 1420 585 Lutherani
1448 548 1494 586 et
1522 542 1796 585 Calvinistae
1823 555 1979 598 urgere

289 630 378 658 non
400 617 624 670 poterant,
650 612 757 668 quia
779 626 854 654 eas
876 626 957 668 per
977 611 1145 655 similes
1167 613 1288 656 locos
1310 613 1421 656 satis
1443 618 1716 669 apparenter
1737 612 1980 656 videbatur
2007 625 2024 653 5

288 686 539 734 declarare;
591 683 736 725 multo
785 682 934 725 minus
982 683 1311 727 authoritatem
1360 684 1665 733 conciliorum,
1717 688 1977 726 sanctorum

286 762 482 813 patrum,
516 759 596 797 aut
628 753 912 796 naturalibus
943 753 1208 806 rationibus,
1257 755 1366 812 quia
1396 754 1657 798 huiusmodi
1688 754 1978 810 probationes

285 827 423 869 etiarn
458 825 543 882 ipsi
579 824 852 868 Calvinistae
887 829 933 867 et
970 825 1218 868 Lutherani
1254 825 1454 868 irrident.
1494 826 1677 869 Solebat
1713 825 1978 868 Franciscus

286 896 474 941 Davidis
507 895 688 939 cuidam
721 896 866 938 amico
900 910 981 938 suo
1015 896 1189 939 dicere:
1226 898 1298 940 En
1332 897 1539 953 princeps
1572 897 1804 951 Jesuvitas
1838 897 1957 939 intro

286 969 503 1011 ducturus
525 971 606 1016 est,
632 981 732 1010 eam
755 967 814 1009 ob
836 981 930 1009 rem
953 981 1034 1023 ego
1058 967 1317 1024 frequenter
1339 982 1463 1010 meos
1487 967 1716 1010 ministros
1739 967 1974 1016 admoneo,
1991 980 2024 1008 ιο

284 1044 335 1081 ut
374 1039 609 1094 diligenter
652 1038 880 1088 studeant,
921 1053 977 1081 ne
1014 1039 1073 1080 ab
1110 1039 1195 1082 illis
1232 1044 1502 1095 superentur
1520 1053 1530 1090 ;
1571 1038 1650 1081 sed
1700 1039 1854 1081 audire
1905 1053 1977 1081 me

284 1110 457 1152 nolunt.
495 1110 593 1165 Ego
627 1109 734 1152 novi
763 1109 967 1152 homines
1002 1109 1099 1152 illos
1135 1124 1228 1153 esse
1264 1110 1464 1153 eruditos
1499 1115 1544 1153 et
1580 1110 1806 1153 studiosos
1826 1124 1835 1160 ;
1873 1123 1977 1152 curn

284 1181 448 1238 quibus
470 1180 704 1236 ecquidem
726 1195 806 1236 pro
828 1195 929 1223 mea
952 1186 1079 1236 parte
1101 1181 1312 1238 congredi
1337 1195 1429 1224 non
1455 1181 1655 1231 verebor,
1684 1181 1764 1224 sed
1789 1180 1976 1223 videant

284 1252 372 1295 mei
396 1251 589 1294 ministri
614 1252 840 1307 quomodo
865 1251 950 1294 illis
975 1252 1270 1294 satisfaciant.
1299 1252 1494 1308 Negavit
1524 1252 1688 1295 Christi
1713 1258 1757 1295 et
1785 1251 1977 1307 Spiritus

285 1323 439 1365 Sancti
483 1322 785 1365 divinitatem.
833 1322 1062 1365 Christum
1107 1323 1297 1366 similem
1342 1324 1542 1379 Josepho
1588 1338 1682 1366 esse
1727 1323 1857 1372 dixit,
1905 1322 1978 1365 6111
1990 1335 2024 1363 15

283 1394 436 1436 omnia
469 1394 587 1436 bona
620 1407 701 1436 sua
736 1394 924 1442 Pharao,
961 1399 1139 1449 praeter
1171 1394 1333 1437 solium
1366 1395 1525 1450 regale,
1561 1394 1608 1437 in
1642 1408 1804 1437 manus
1837 1393 1977 1437 tradi-

284 1465 425 1507 derat.
460 1464 530 1507 Sic
560 1464 710 1507 aiebat
741 1466 889 1507 Deum
919 1465 1038 1507 Coeli
1068 1465 1245 1508 Christo
1275 1465 1515 1521 temporali
1560 1465 1650 1508 filio
1681 1470 1726 1508 et
1757 1464 1976 1521 adoptivo

284 1535 436 1578 omnia
467 1549 548 1578 sua
579 1541 756 1591 praeter
792 1535 1082 1578 divinitatem
1113 1536 1362 1579 tradidisse.
1410 1537 1543 1592 Quod
1578 1536 1614 1578 si
1650 1536 1713 1578 illi
1749 1536 1975 1592 quispiam

284 1606 534 1649 obiiecisset
561 1606 671 1648 illud
697 1607 828 1661 Joan.
857 1619 936 1649 10:
980 1608 1020 1649 E
1025 1621 1075 1662 go
1102 1612 1139 1649 et
1165 1612 1285 1663 pater
1311 1622 1451 1650 unum
1477 1621 1646 1659 sumus,
1672 1607 1974 1663 respondebat

284 1692 375 1719 non
408 1677 531 1733 loqui
565 1677 889 1732 evangelistam
923 1677 978 1720 de
1012 1678 1190 1720 unitate
1224 1683 1413 1721 naturae
1448 1683 1528 1720 aut
1563 1677 1858 1727 substantiae,
1896 1677 2022 1720 sed20

284 1748 339 1790 de
368 1748 545 1790 unitate
574 1748 738 1791 amoris
768 1753 811 1790 et
843 1749 1105 1799 voluntatis,
1138 1749 1525 1805 quemadmodum
1554 1749 1745 1805 ipsemet
1774 1750 1975 1804 Joannes

283 1833 328 1861 se
369 1819 414 1861 in
454 1819 746 1875 sequentibus
778 1819 1003 1875 capitibus
1039 1820 1250 1871 declarat,
1292 1820 1468 1862 dicens:
1512 1821 1569 1863 Et
1609 1834 1683 1875 ego
1723 1821 1973 1868 claritatem,

284 1904 415 1945 quam
435 1891 591 1933 dedisti
613 1891 734 1939 mihi,
759 1891 858 1933 dedi
879 1892 952 1939 eis,
980 1896 1027 1933 ut
1051 1893 1141 1934 sint
1164 1906 1303 1934 unum
1327 1893 1438 1934 sicut
1463 1896 1499 1933 et
1524 1905 1601 1934 nos
1625 1905 1766 1933 unum
1789 1904 1942 1933 sumus
1959 1904 1973 1933 .·

282 1975 356 2015 ego
382 1962 432 2003 in
458 1962 532 2010 eis,
551 1966 587 2003 et
612 1966 658 2004 tu
683 1963 733 2004 in
760 1976 838 2011 me,
856 1966 903 2004 ut
928 1963 1016 2004 sint
1042 1964 1329 2004 consummati
1354 1964 1403 2004 in
1425 1977 1577 2005 unum.
1597 1963 1657 2004 Et
1679 1961 1777 2017 pari
1797 1961 1972 2004 ratione

282 2031 392 2074 alias
420 2031 693 2074 obiectiones
722 2046 800 2087 per
829 2032 938 2074 alios
967 2032 1132 2075 similes
1161 2033 1281 2075 locos
1311 2033 1526 2075 diluebat.
1561 2034 1795 2075 Postremo
1825 2031 2022 2089 coepit25

282 2103 458 2157 publice
480 2103 649 2153 docere,
682 2103 910 2146 Christum
942 2118 1033 2146 non
1066 2117 1160 2146 esse
1193 2104 1477 2147 adorandum
1510 2109 1555 2147 et
1587 2104 1715 2147 11111111
1747 2104 1973 2146 1161111116111

280 2173 434 2215 iuvare
467 2178 547 2216 aut
581 2174 755 2216 salvare
788 2188 930 2230 posse.
974 2174 1106 2230 Quod
1138 2175 1294 2217 multis
1327 2190 1382 2218 ex
1415 2175 1632 2218 ministris
1665 2180 1710 2217 et
1744 2174 1974 2230 discipulis

280 2244 374 2286 eius
399 2244 547 2287 visum
573 2249 640 2287 est
666 2244 800 2287 nimis
826 2245 1003 2295 durum,
1031 2246 1135 2288 licet
1161 2246 1233 2288 ille
1260 2246 1552 2289 conformiter
1576 2251 1621 2288 et
1648 2250 1974 2301 consequenter

280 2315 339 2357 ad
368 2329 448 2357 sua
478 2315 777 2358 fundamenta
805 2316 1091 2372 loqueretur:
1126 2322 1282 2360 tamen
1311 2317 1483 2373 stupidi
1513 2317 1731 2373 discipuli,
1757 2331 1860 2359 curn
1881 2330 1973 2359 non

280 2391 623 2442 assequerentur
661 2392 861 2430 mentem
900 2388 1104 2444 magistri
1143 2389 1225 2438 sui,
1267 2389 1477 2431 arbitrati
1516 2393 1622 2431 sunt
1661 2402 1765 2430 eum
1804 2398 2020 2429 novam30

280 2456 561 2500 introducere
600 2458 713 2501 velle
751 2459 997 2501 haeresim:
1039 2459 1195 2515 itaque
1222 2464 1492 2502 accusarunt
1519 2474 1636 2509 eum,
1664 2458 1788 2514 quod
1813 2462 1972 2500 contra

280 2532 456 2569 statuta
502 2529 624 2584 regni
671 2544 839 2572 novam
885 2535 1057 2572 sectam
1103 2530 1442 2580 introduxisset,
1494 2529 1695 2573 docendo
1743 2528 1971 2572 Christum

280 2612 370 2640 non
404 2613 496 2640 esse
531 2600 825 2642 adorandum.
863 2601 1221 2657 Comprehensus
1254 2602 1392 2657 igitur
1425 2607 1493 2644 est
1526 2606 1572 2643 et
1606 2601 1661 2643 de
1695 2614 1815 2643 nova
1847 2604 1971 2642 secta

280 2669 338 2709 ab
372 2669 580 2712 omnibus
613 2671 848 2714 convictus
881 2677 927 2714 et
961 2672 1303 2722 condemnatus,
1340 2672 1502 2714 missus
1535 2676 1602 2714 est
1637 2672 1683 2713 in
1716 2684 1966 2713 carcerem:

280 2738 358 2780 ubi
397 2739 652 2795 frequenter
704 2742 848 2785 dicere
899 2743 1157 2785 astantibus
1196 2744 1383 2793 solebat,
1426 2757 1453 2785 a
1490 2743 1627 2798 nigris
1666 2741 1885 2784 militibus
1924 2755 1970 2783 se
1982 2752 2018 2780 35

281 2809 610 2853 circumdatum
634 2826 740 2863 csse,
768 2827 871 2856 cum
896 2814 1061 2869 quibus
1085 2814 1169 2856 sibi
1194 2814 1516 2856 discedendum
1540 2814 1668 2855 toret.
1697 2813 1800 2855 Non
1823 2811 1968 2854 multo

282 2884 383 2935 post
413 2880 572 2923 frenesi
601 2888 831 2939 correptus
860 2884 1019 2927 misere
1047 2885 1192 2940 periit,
1225 2884 1422 2926 traditus
1450 2899 1477 2926 a
1505 2883 1695 2940 propriis
1724 2882 1965 2938 discipulis.

281 2950 423 2992 Simili
454 2951 543 2993 fere
575 2957 718 2995 morte
750 2960 856 2997 ante
887 2955 981 2998 eius
1011 2955 1202 3004 obitum,
1236 2960 1327 2997 tres
1357 2955 1474 2997 illius
1505 2954 1698 2997 ministri
1727 2953 1964 3009 perierant.

283 3021 410 3063 Unus
436 3035 491 3063 ex
518 3022 602 3064 illis
628 3023 809 3067 insanus
836 3026 1035 3077 effectus,
1068 3026 1326 3082 frequenter
1351 3025 1496 3067 dicere
1523 3025 1696 3067 solebat
1723 3038 1768 3067 se
1791 3024 1968 3066 credere

298 3105 328 3133 n
359 3092 500 3134 barba
532 3093 806 3137 Blandratae
838 3101 883 3138 et
915 3097 1175 3139 confusione
1207 3097 1457 3139 coelorum:
1492 3096 1570 3152 qui
1601 3095 1788 3137 tandem
1818 3094 2016 3151 gladio4o

281 3176 327 3205 se
354 3162 502 3218 ipsum
529 3163 717 3207 traiecit,
748 3166 888 3209 Alteri
927 3167 1112 3210 flamma
1139 3182 1194 3210 ex
1221 3181 1295 3210 ore
1323 3166 1560 3223 aliquoties
1601 3166 1760 3222 erupit.
1790 3165 1967 3208 Tertius
