2188 3535
340 208 358 245 3
368 209 379 233 1
387 211 409 243 4
1082 192 1115 226 F
1117 192 1283 238 figgelek

335 320 442 360 sunt
465 315 721 370 disciplinas
743 310 984 360 consecuti,
1024 309 1190 365 quibus
1212 324 1319 366 opes
1341 309 1427 352 sibi
1449 323 1502 352 ac
1523 310 1822 365 possessiones
1844 309 2026 365 amplis-

336 388 470 429 simas
512 386 844 439 compararunt.
892 381 1128 424 Praetereo
1170 385 1301 422 tuam
1343 380 1661 436 Christophore
1703 382 1748 423 in
1790 386 1894 423 tuos
1934 394 2026 423 non

337 458 436 499 dico
467 455 646 504 amicos,
702 458 780 495 aut
813 465 942 506 pares
973 451 1352 502 benevolentiam,
1410 452 1490 494 sed
1533 465 1686 494 servos
1731 454 1775 494 et
1819 451 2026 495 subditos

336 526 627 582 aequitatem.
673 522 759 565 Sed
786 535 930 577 neque
957 521 1068 563 illud
1094 526 1263 576 repeto,
1293 534 1410 577 quae
1435 526 1518 564 tua
1545 522 1679 565 fuerit
1707 535 1811 579 erga
1836 523 2028 567 maiores

336 594 636 642 observantia,
673 593 881 647 aequales
916 591 1120 642 comitas,
1157 592 1387 635 inferiores
1423 592 1693 649 benignitas,
1730 606 1834 636 cum
1868 593 2028 636 iisdem
2057 607 2076 636 5

336 667 390 708 de
421 664 577 713 causis,
608 668 654 705 te
682 677 802 706 nunc
829 662 915 705 sibi
946 666 1125 717 ereptos
1156 663 1339 705 doleant
1369 676 1587 717 proceres,
1622 664 1794 706 nobiles
1826 668 2025 719 gemant,

335 734 479 791 plebei
518 734 716 789 lugeant.

450 804 699 854 Caeterum,
736 804 821 846 nisi
848 803 1131 853 tolerantiae,
1167 803 1533 860 indolentiaeque
1560 809 1667 847 tuae
1695 805 1954 860 exemplum
1981 805 2028 847 in

335 876 477 917 lucem
500 875 735 917 hominum
757 888 810 916 ac
831 874 1097 916 memoriam
1127 875 1397 929 produxero,
1432 875 1597 931 impius
1628 876 1726 918 sim.
1762 875 1876 918 Sunt
1908 876 2028 918 enim

335 947 443 987 haec
458 945 641 1000 pietatis
657 959 709 987 ac
725 944 1005 987 fortitudinis
1026 944 1298 988 christianae
1319 959 1482 1001 genera
1497 960 1588 988 non
1604 948 1807 990 obscura.
1833 947 2029 1002 Quotus·
2042 960 2077 989 10

333 1017 523 1072 quisque
544 1020 611 1057 est
634 1020 850 1065 vestrum,
885 1016 963 1070 qui
990 1016 1179 1071 ignoret,
1213 1020 1410 1072 quantas
1442 1017 1628 1059 subierit
1663 1017 1861 1072 corporis
1892 1031 2029 1060 vexa-

334 1088 478 1129 tiones
493 1100 546 1128 ac
561 1086 875 1142 aegritudines,
893 1100 1052 1142 genere
1067 1087 1406 1137 diversissimas,
1423 1093 1590 1131 natura
1604 1087 1927 1139 acerbissimas,
1944 1102 2032 1131 usu

334 1158 431 1213 ipso
467 1157 769 1207 creberrimas,
806 1162 1011 1212 tempore
1048 1157 1300 1201 diuturnas.
1339 1159 1497 1214 Neque
1533 1163 1689 1201 tamen
1725 1159 1789 1200 illi
1823 1159 1896 1201 vel
1931 1159 2029 1202 leve

334 1229 524 1270 verbum
551 1228 717 1270 excidit
746 1241 962 1284 unquam,
993 1242 1084 1270 non
1113 1228 1212 1271 dico
1242 1230 1412 1285 pietate
1441 1229 1704 1279 christiana,
1734 1230 1814 1272 sed
1841 1230 1915 1272 vel
1942 1230 2033 1272 for-

334 1298 522 1341 titudini
542 1299 738 1349 militari,
769 1299 841 1341 vel
862 1299 1136 1341 auctoritate
1156 1313 1239 1342 sua
1258 1300 1509 1357 indignum,
1549 1314 1785 1356 nunquam
1805 1301 1863 1343 ab
1885 1314 1937 1343 eo
1957 1300 2030 1342 vel
2044 1314 2078 1342 15

338 1371 601 1425 querulosae
627 1374 784 1412 contra
810 1370 958 1412 Deum
983 1384 1116 1412 voces
1142 1376 1402 1426 usurpatae,
1431 1385 1522 1413 non
1548 1371 1796 1414 acerbitate
1822 1371 2029 1414 dolorum

335 1440 474 1483 creati
508 1441 713 1497 gemitus,
751 1455 841 1483 non
875 1454 1125 1496 poenarum
1158 1442 1385 1499 gravitate
1420 1441 1557 1485 exciti
1590 1442 1820 1493 clamores,
1857 1456 1950 1485 non
1982 1441 2030 1484 vi

336 1512 597 1554 morborum
636 1511 771 1554 exciti
810 1512 1004 1554 eiulatus
1043 1512 1202 1564 auditi,
1245 1513 1324 1555 sed
1363 1527 1557 1570 aequam
1595 1527 1772 1570 semper
1809 1514 1942 1556 rebus
1982 1513 2028 1555 in

336 1582 487 1626 arduis
521 1583 650 1625 iuxta
684 1581 1041 1626 admonitionem
1075 1589 1250 1640 poetae,
1299 1598 1478 1627 servare
1513 1590 1713 1627 mentem
1746 1584 1905 1627 solitus
1940 1583 2026 1626 fuit

336 1667 427 1696 non
450 1667 589 1703 secus,
616 1667 668 1695 ac
690 1653 736 1695 in
759 1654 903 1697 bonis.
930 1653 1065 1697 Cuius
1089 1670 1170 1711 ego
1194 1655 1478 1697 constantiae
1509 1655 1639 1706 illius,
1669 1655 1755 1698 nisi
1785 1669 1867 1697 vos
1903 1652 2079 1697 omnizo

337 1724 600 1779 exceptione
643 1724 836 1767 illustres
880 1738 934 1767 ac
976 1725 1257 1769 fidelissimos
1308 1726 1524 1781 Galffyos‚
1585 1726 2027 1782 Kovachdcziosque,

336 1796 414 1851 qui
434 1795 604 1837 diurnis
623 1809 676 1837 ac
694 1795 926 1838 nocturnis
957 1797 1376 1853 pervigilationibus
1407 1798 1551 1840 latera
1581 1797 1747 1839 infirmi
1766 1796 2028 1852 cingebatis,

337 1866 529 1921 phisicos
554 1866 664 1908 item
689 1880 742 1908 ac
767 1867 964 1909 medicos
990 1872 1129 1910 testes
1156 1868 1400 1923 producere
1432 1873 1636 1924 potuero,
1669 1867 1876 1911 mentiar.

471 1937 753 1979 Tolerantiae
769 1942 814 1980 et
829 1938 941 1981 illud
956 1939 1311 1995 constantisque,
1330 1953 1382 1981 ac
1396 1939 1578 1982 infracti
1594 1939 1733 1981 animi
1747 1937 1919 1981 roboris
1934 1942 2030 1980 erat

337 2007 593 2062 exemplum
608 2021 698 2050 non
714 2009 912 2065 vulgare,
930 2010 1107 2065 quoties
1123 2024 1227 2052 eum
1242 2010 1434 2061 vidistis,
1458 2010 1552 2052 sive
1574 2011 1934 2052 obtrectatorum
1949 2009 2031 2052 lin·
2045 2024 2080 2053 25

337 2092 448 2133 guas
473 2083 852 2130 contemnentem,
876 2081 971 2122 sive
993 2080 1149 2131 hostis,
1175 2095 1288 2137 quos
1310 2082 1446 2124 armis
1468 2083 1652 2125 domare
1674 2084 1868 2136 poterat,
1889 2094 1943 2123 ac
1956 2094 2032 2122 ex-

337 2149 576 2204 stinguere,
593 2151 819 2193 beneficiis
834 2151 920 2193 sibi
935 2151 1282 2195 devincientem.
1299 2152 1398 2195 Iam
1408 2167 1515 2195 vero
1527 2152 1750 2195 modestia
1765 2151 1877 2193 adeo
1892 2151 2033 2194 incre-

339 2219 499 2269 dibilis,
546 2225 598 2262 ut
641 2222 751 2263 mihi
793 2223 1123 2278 propemodum
1153 2223 1320 2265 oblitus
1351 2220 1638 2266 auctoritatis
1666 2237 1774 2265 suae
1802 2221 2033 2265 interdum

338 2290 580 2333 videretur.
614 2292 722 2347 Quis
746 2297 813 2334 est
838 2293 1055 2343 omnium,
1081 2293 1160 2349 qui
1183 2308 1274 2336 non
1297 2294 1514 2350 benignas
1539 2295 1597 2336 ab
1621 2307 1672 2336 eo
1696 2294 1781 2336 sibi
1804 2293 2033 2348 praebitas

340 2374 467 2403 aures
493 2363 705 2418 conqueri
731 2363 906 2418 possit?
936 2364 1074 2406 Dives
1101 2369 1145 2406 et
1173 2378 1358 2420 pauper,
1388 2365 1549 2407 nobilis
1575 2365 1706 2407 iuxta
1733 2379 1785 2407 ac
1810 2363 2082 2421 ignobilis,3o

342 2431 653 2474 demissionem
678 2434 817 2476 animi
843 2435 936 2477 eius
961 2435 1254 2478 admirationi
1278 2436 1454 2478 habuit.
1483 2435 1709 2478 Nimirum
1733 2435 1844 2479 illud
1870 2434 2034 2477 Christi

342 2501 431 2542 alte
464 2503 634 2556 pectori
668 2505 761 2546 eius
795 2506 1020 2548 insederat
1055 2506 1420 2561 pronunciatum.
1457 2507 1580 2549 Deus
1613 2506 1817 2561 superbis
1850 2505 2032 2555 resistit,

344 2571 584 2615 humilibus
610 2579 764 2617 autem
791 2577 869 2618 dat
895 2577 1104 2632 gratiam.
1129 2577 1190 2617 Et
1216 2577 1375 2627 omnis,
1393 2577 1471 2633 qui
1496 2591 1542 2619 se
1567 2577 1888 2628 humiliaverit,
1915 2575 2036 2618 exal-

345 2642 530 2685 tabitur.
555 2644 688 2687 Cuius
713 2647 983 2689 christianae
1005 2648 1316 2702 philosophiae
1339 2648 1520 2690 assidua
1553 2647 1815 2703 agitatione,
1839 2648 1923 2689 hoc
1944 2646 2035 2688 iarn

344 2718 608 2755 consecutus
622 2715 876 2767 videbatur,
890 2722 955 2767 ut,
969 2732 1074 2760 cum
1084 2718 1195 2760 alios
1210 2730 1367 2760 omnes
1381 2718 1682 2761 admiraretur
1705 2731 1758 2760 ac
1774 2717 2034 2773 suspiceret,
2049 2732 2085 2760 35

347 2783 515 2824 nomini
530 2797 574 2825 se
590 2799 848 2841 comparare
870 2789 1070 2831 auderet.
1096 2787 1247 2844 Quid?
1275 2789 1378 2831 Non
1399 2789 1494 2844 ipse
1516 2788 1694 2844 saepius
1718 2801 1774 2830 ex
1795 2792 1842 2830 te
1865 2787 2035 2836 audivi,

347 2853 418 2893 vel
439 2853 648 2909 principis
670 2871 832 2900 nomen
853 2858 938 2900 tibi
959 2873 1185 2915 arrogans,
1209 2873 1262 2901 ac
1283 2873 1522 2901 onerosum
1543 2859 1687 2901 videri
1705 2858 1720 2900 ?
1746 2858 1906 2900 Nonne
1927 2859 2038 2899 haec

347 2927 429 2964 tua
466 2937 555 2964 vox
593 2931 658 2967 est
692 2927 1023 2983 Christophore,
1058 2930 1181 2971 nullo
1213 2930 1348 2971 modo
1385 2935 1431 2971 te
1469 2929 1746 2984 principibus
1783 2928 2038 2971 christianis

348 2992 487 3033 etiam
511 2994 703 3038 minimis
727 3012 992 3054 componere
1015 3000 1128 3042 velle
1149 2999 1166 3042 ?
1197 2999 1357 3042 Gravis
1380 2999 1464 3041 tibi
1488 3004 1583 3042 erat
1608 2999 1752 3042 oratio
1775 3000 1835 3042 ad
1856 3000 2038 3042 laudem

348 3067 480 3104 tuam
521 3067 782 3119 composita,
842 3075 1052 3125 suspecta
1094 3070 1294 3112 narratio
1336 3074 1520 3112 tuarum
1562 3070 1791 3112 celebrans
1833 3070 2086 3113 encomia4o

350 3132 588 3175 virtutum.
613 3134 710 3178 Hoc
732 3138 841 3180 illud
872 3145 938 3182 est
974 3141 1244 3183 christianae
1280 3140 1464 3195 pietatis
1500 3140 1879 3192 fundamentum;
1915 3141 2039 3196 quod
