<?xml version="1.0" encoding="UTF-8"?>
<!DOCTYPE html PUBLIC "-//W3C//DTD XHTML 1.0 Transitional//EN"
    "http://www.w3.org/TR/xhtml1/DTD/xhtml1-transitional.dtd">
<html xmlns="http://www.w3.org/1999/xhtml" xml:lang="en" lang="en">
 <head>
  <title>
</title>
<meta http-equiv="Content-Type" content="text/html;charset=utf-8" />
  <meta name='ocr-system' content='tesseract 3.04.00' />
  <meta name='ocr-capabilities' content='ocr_page ocr_carea ocr_par ocr_line ocrx_word'/>
</head>
<body>
  <div class='ocr_page' id='page_1' title='image "./epistolaeetactaj01vereuoft_0189.png"; bbox 0 0 2188 3535; ppageno 0'>
   <div class='ocr_carea' id='block_1_1' title="bbox 165 199 1853 247">
    <p class='ocr_par' dir='ltr' id='par_1_1' title="bbox 165 199 1853 247">
     <span class='ocr_line' id='line_1_1' title="bbox 165 199 1853 247; baseline -0.001 -12"><span class='ocrx_word' id='word_1_1' title='bbox 165 204 255 247; x_wconf 88' lang='lat'>1581</span> <span class='ocrx_word' id='word_1_2' title='bbox 293 199 388 244; x_wconf 76' lang='lat' dir='ltr'>maj.</span> <span class='ocrx_word' id='word_1_3' title='bbox 425 201 488 245; x_wconf 90' lang='lat'>29]</span> <span class='ocrx_word' id='word_1_4' title='bbox 930 200 1004 234; x_wconf 94' lang='lat' dir='ltr'>No.</span> <span class='ocrx_word' id='word_1_5' title='bbox 1043 210 1083 246; x_wconf 85' lang='lat'>51</span> <span class='ocrx_word' id='word_1_6' title='bbox 1787 206 1853 246; x_wconf 87' lang='lat'>135</span> 
     </span>
    </p>
   </div>
   <div class='ocr_carea' id='block_1_2' title="bbox 108 316 1858 1360">
    <p class='ocr_par' dir='ltr' id='par_1_2' title="bbox 159 316 1858 585">
     <span class='ocr_line' id='line_1_2' title="bbox 274 316 1858 373; baseline -0.001 -13"><span class='ocrx_word' id='word_1_7' title='bbox 274 318 449 361; x_wconf 82' lang='lat' dir='ltr'><strong>Deinde</strong></span> <span class='ocrx_word' id='word_1_8' title='bbox 493 318 745 361; x_wconf 90' lang='lat' dir='ltr'>curandum</span> <span class='ocrx_word' id='word_1_9' title='bbox 779 322 824 361; x_wconf 92' lang='lat' dir='ltr'>et</span> <span class='ocrx_word' id='word_1_10' title='bbox 857 317 970 360; x_wconf 91' lang='lat' dir='ltr'>illud</span> <span class='ocrx_word' id='word_1_11' title='bbox 1015 318 1112 367; x_wconf 91' lang='lat' dir='ltr'>erit,</span> <span class='ocrx_word' id='word_1_12' title='bbox 1162 322 1214 360; x_wconf 93' lang='lat' dir='ltr'>ut</span> <span class='ocrx_word' id='word_1_13' title='bbox 1261 316 1484 373; x_wconf 91' lang='lat' dir='ltr'>templum</span> <span class='ocrx_word' id='word_1_14' title='bbox 1517 316 1858 360; x_wconf 80' lang='lat' dir='ltr'>Vasarheliense</span> 
     </span>
     <span class='ocr_line' id='line_1_3' title="bbox 160 387 1851 444; baseline -0.001 -13"><span class='ocrx_word' id='word_1_15' title='bbox 160 388 392 431; x_wconf 84' lang='lat' dir='ltr'>catholicis</span> <span class='ocrx_word' id='word_1_16' title='bbox 424 388 654 431; x_wconf 82' lang='lat' dir='ltr'>reddatur.</span> <span class='ocrx_word' id='word_1_17' title='bbox 689 389 928 444; x_wconf 91' lang='lat' dir='ltr'>Templum</span> <span class='ocrx_word' id='word_1_18' title='bbox 962 388 1162 431; x_wconf 90' lang='lat' dir='ltr'>civitatis</span> <span class='ocrx_word' id='word_1_19' title='bbox 1195 388 1450 443; x_wconf 79' lang='lat' dir='ltr'>parochiale</span> <span class='ocrx_word' id='word_1_20' title='bbox 1483 387 1738 430; x_wconf 88' lang='lat' dir='ltr'>desolatum</span> <span class='ocrx_word' id='word_1_21' title='bbox 1770 392 1851 430; x_wconf 88' lang='lat' dir='ltr'>est.</span> 
     </span>
     <span class='ocr_line' id='line_1_4' title="bbox 159 457 1855 508; baseline -0.001 -6"><span class='ocrx_word' id='word_1_22' title='bbox 159 459 468 502; x_wconf 86' lang='lat' dir='ltr'>Constituerat</span> <span class='ocrx_word' id='word_1_23' title='bbox 500 458 728 501; x_wconf 89' lang='lat' dir='ltr'>Celsitudo</span> <span class='ocrx_word' id='word_1_24' title='bbox 760 459 852 501; x_wconf 84' lang='lat' dir='ltr'>Sua</span> <span class='ocrx_word' id='word_1_25' title='bbox 881 459 966 501; x_wconf 84' lang='lat' dir='ltr'>illis</span> <span class='ocrx_word' id='word_1_26' title='bbox 997 459 1069 503; x_wconf 83' lang='lat' dir='ltr'>vel</span> <span class='ocrx_word' id='word_1_27' title='bbox 1099 458 1438 508; x_wconf 87' lang='lat' dir='ltr'>monasterium,</span> <span class='ocrx_word' id='word_1_28' title='bbox 1471 459 1550 500; x_wconf 93' lang='lat' dir='ltr'>ubi</span> <span class='ocrx_word' id='word_1_29' title='bbox 1581 457 1855 501; x_wconf 88' lang='lat' dir='ltr'>Calvinistae</span> 
     </span>
     <span class='ocr_line' id='line_1_5' title="bbox 159 528 1857 585; baseline -0.001 -13"><span class='ocrx_word' id='word_1_30' title='bbox 159 529 486 572; x_wconf 84' lang='lat' dir='ltr'>concionantur</span> <span class='ocrx_word' id='word_1_31' title='bbox 515 534 561 572; x_wconf 90' lang='lat' dir='ltr'>et</span> <span class='ocrx_word' id='word_1_32' title='bbox 592 530 767 572; x_wconf 90' lang='lat' dir='ltr'>scholas</span> <span class='ocrx_word' id='word_1_33' title='bbox 797 530 968 572; x_wconf 90' lang='lat' dir='ltr'>habent</span> <span class='ocrx_word' id='word_1_34' title='bbox 1001 534 1045 572; x_wconf 90' lang='lat' dir='ltr'>et</span> <span class='ocrx_word' id='word_1_35' title='bbox 1078 529 1203 585; x_wconf 92' lang='lat' dir='ltr'>quod</span> <span class='ocrx_word' id='word_1_36' title='bbox 1231 529 1339 572; x_wconf 89' lang='lat' dir='ltr'>iuris</span> <span class='ocrx_word' id='word_1_37' title='bbox 1370 529 1594 572; x_wconf 88' lang='lat' dir='ltr'>vaivodae</span> <span class='ocrx_word' id='word_1_38' title='bbox 1625 534 1751 572; x_wconf 89' lang='lat' dir='ltr'>erat:</span> <span class='ocrx_word' id='word_1_39' title='bbox 1786 528 1857 572; x_wconf 89' lang='lat' dir='ltr'>vel</span> 
     </span>
    </p>

    <p class='ocr_par' dir='ltr' id='par_1_3' title="bbox 108 600 1855 727">
     <span class='ocr_line' id='line_1_6' title="bbox 108 600 1855 656; baseline -0.001 -14"><span class='ocrx_word' id='word_1_40' title='bbox 108 610 126 638; x_wconf 88' lang='lat'>5</span> <span class='ocrx_word' id='word_1_41' title='bbox 159 600 414 656; x_wconf 86' lang='lat' dir='ltr'>parochiale</span> <span class='ocrx_word' id='word_1_42' title='bbox 438 600 546 655; x_wconf 90' lang='lat' dir='ltr'>ipsis</span> <span class='ocrx_word' id='word_1_43' title='bbox 573 600 692 644; x_wconf 88' lang='lat' dir='ltr'>dare.</span> <span class='ocrx_word' id='word_1_44' title='bbox 728 601 855 656; x_wconf 77' lang='lat' dir='ltr'>Quae</span> <span class='ocrx_word' id='word_1_45' title='bbox 880 600 1033 643; x_wconf 90' lang='lat' dir='ltr'>omnia</span> <span class='ocrx_word' id='word_1_46' title='bbox 1058 614 1158 642; x_wconf 92' lang='lat' dir='ltr'>meo</span> <span class='ocrx_word' id='word_1_47' title='bbox 1186 600 1370 656; x_wconf 91' lang='lat' dir='ltr'>quidem</span> <span class='ocrx_word' id='word_1_48' title='bbox 1395 600 1560 642; x_wconf 88' lang='lat' dir='ltr'>iudicio</span> <span class='ocrx_word' id='word_1_49' title='bbox 1586 600 1723 643; x_wconf 91' lang='lat' dir='ltr'>obvia</span> <span class='ocrx_word' id='word_1_50' title='bbox 1748 604 1855 642; x_wconf 92' lang='lat' dir='ltr'>sunt</span> 
     </span>
     <span class='ocr_line' id='line_1_7' title="bbox 158 665 1108 727; baseline -0.001 -14"><span class='ocrx_word' id='word_1_51' title='bbox 158 665 228 713; x_wconf 82' lang='lat' dir='ltr'>Mti</span> <span class='ocrx_word' id='word_1_52' title='bbox 260 672 348 713; x_wconf 71' lang='lat' dir='ltr'>Vrae</span> <span class='ocrx_word' id='word_1_53' title='bbox 381 675 426 713; x_wconf 92' lang='lat' dir='ltr'>et</span> <span class='ocrx_word' id='word_1_54' title='bbox 461 670 674 714; x_wconf 81' lang='lat' dir='ltr'>facillima</span> <span class='ocrx_word' id='word_1_55' title='bbox 707 671 767 714; x_wconf 90' lang='lat' dir='ltr'>ad</span> <span class='ocrx_word' id='word_1_56' title='bbox 799 671 1108 727; x_wconf 89' lang='lat' dir='ltr'>prestandum.</span> 
     </span>
    </p>

    <p class='ocr_par' dir='ltr' id='par_1_4' title="bbox 275 741 1525 797">
     <span class='ocr_line' id='line_1_8' title="bbox 275 741 1525 797; baseline -0.001 -13"><span class='ocrx_word' id='word_1_57' title='bbox 275 741 433 784; x_wconf 91' lang='lat' dir='ltr'>Omnis</span> <span class='ocrx_word' id='word_1_58' title='bbox 459 741 580 784; x_wconf 90' lang='lat' dir='ltr'>enim</span> <span class='ocrx_word' id='word_1_59' title='bbox 608 742 735 797; x_wconf 84' lang='lat' dir='ltr'>plebs</span> <span class='ocrx_word' id='word_1_60' title='bbox 763 742 987 784; x_wconf 89' lang='lat' dir='ltr'>catholica</span> <span class='ocrx_word' id='word_1_61' title='bbox 1014 746 1082 783; x_wconf 92' lang='lat' dir='ltr'>est</span> <span class='ocrx_word' id='word_1_62' title='bbox 1110 746 1156 784; x_wconf 94' lang='lat' dir='ltr'>et</span> <span class='ocrx_word' id='word_1_63' title='bbox 1184 755 1211 783; x_wconf 93' lang='lat' dir='ltr'>a</span> <span class='ocrx_word' id='word_1_64' title='bbox 1238 741 1368 783; x_wconf 92' lang='lat' dir='ltr'>nobis</span> <span class='ocrx_word' id='word_1_65' title='bbox 1395 742 1525 783; x_wconf 80' lang='lat' dir='ltr'>stat.2</span> 
     </span>
    </p>

    <p class='ocr_par' dir='ltr' id='par_1_5' title="bbox 158 812 1858 940">
     <span class='ocr_line' id='line_1_9' title="bbox 273 812 1856 869; baseline 0 -15"><span class='ocrx_word' id='word_1_66' title='bbox 273 813 407 867; x_wconf 89' lang='lat' dir='ltr'>Jesus</span> <span class='ocrx_word' id='word_1_67' title='bbox 436 812 654 862; x_wconf 88' lang='lat' dir='ltr'>Christus,</span> <span class='ocrx_word' id='word_1_68' title='bbox 685 812 765 869; x_wconf 90' lang='lat' dir='ltr'>qui</span> <span class='ocrx_word' id='word_1_69' title='bbox 791 813 965 868; x_wconf 86' lang='lat' dir='ltr'>legibus</span> <span class='ocrx_word' id='word_1_70' title='bbox 993 812 1198 868; x_wconf 87' lang='lat' dir='ltr'>gentium</span> <span class='ocrx_word' id='word_1_71' title='bbox 1227 812 1489 855; x_wconf 79' lang='lat' dir='ltr'>dominatur</span> <span class='ocrx_word' id='word_1_72' title='bbox 1518 817 1563 856; x_wconf 91' lang='lat' dir='ltr'>et</span> <span class='ocrx_word' id='word_1_73' title='bbox 1593 812 1703 855; x_wconf 79' lang='lat' dir='ltr'>facit</span> <span class='ocrx_word' id='word_1_74' title='bbox 1732 825 1856 867; x_wconf 87' lang='lat' dir='ltr'>reges</span> 
     </span>
     <span class='ocr_line' id='line_1_10' title="bbox 158 880 1858 940; baseline -0.001 -15"><span class='ocrx_word' id='word_1_75' title='bbox 158 897 354 938; x_wconf 85' lang='lat' dir='ltr'>regnare,</span> <span class='ocrx_word' id='word_1_76' title='bbox 405 880 512 925; x_wconf 75' lang='lat' dir='ltr'>Mtem</span> <span class='ocrx_word' id='word_1_77' title='bbox 560 884 663 926; x_wconf 75' lang='lat' dir='ltr'>Vram</span> <span class='ocrx_word' id='word_1_78' title='bbox 710 898 791 940; x_wconf 92' lang='lat' dir='ltr'>pro</span> <span class='ocrx_word' id='word_1_79' title='bbox 846 888 1091 939; x_wconf 85' lang='lat' dir='ltr'>augmento</span> <span class='ocrx_word' id='word_1_80' title='bbox 1143 887 1189 925; x_wconf 92' lang='lat' dir='ltr'>et</span> <span class='ocrx_word' id='word_1_81' title='bbox 1238 883 1583 925; x_wconf 79' lang='lat' dir='ltr'>conservatione</span> <span class='ocrx_word' id='word_1_82' title='bbox 1633 882 1858 938; x_wconf 79' lang='lat' dir='ltr'>religionis</span> 
     </span>
    </p>

    <p class='ocr_par' dir='ltr' id='par_1_6' title="bbox 109 953 1800 1360">
     <span class='ocr_line' id='line_1_11' title="bbox 109 953 1450 1010; baseline 0.001 -15"><span class='ocrx_word' id='word_1_83' title='bbox 109 962 143 990; x_wconf 89' lang='lat'>10</span> <span class='ocrx_word' id='word_1_84' title='bbox 159 953 407 996; x_wconf 87' lang='lat' dir='ltr'>catholicae</span> <span class='ocrx_word' id='word_1_85' title='bbox 434 959 631 1004; x_wconf 87' lang='lat' dir='ltr'>tueatur,</span> <span class='ocrx_word' id='word_1_86' title='bbox 660 959 825 1010; x_wconf 85' lang='lat' dir='ltr'>augeat</span> <span class='ocrx_word' id='word_1_87' title='bbox 851 959 896 996; x_wconf 91' lang='lat' dir='ltr'>et</span> <span class='ocrx_word' id='word_1_88' title='bbox 923 954 1175 997; x_wconf 81' lang='lat' dir='ltr'>diutissime</span> <span class='ocrx_word' id='word_1_89' title='bbox 1201 958 1450 996; x_wconf 90' lang='lat' dir='ltr'>conservet.</span> 
     </span>
     <span class='ocr_line' id='line_1_12' title="bbox 273 1025 1219 1080; baseline 0.002 -14"><span class='ocrx_word' id='word_1_90' title='bbox 273 1025 417 1067; x_wconf 89' lang='lat' dir='ltr'>Albae</span> <span class='ocrx_word' id='word_1_91' title='bbox 449 1025 631 1080; x_wconf 90' lang='lat' dir='ltr'>raptim,</span> <span class='ocrx_word' id='word_1_92' title='bbox 667 1026 735 1068; x_wconf 88' lang='lat'>28.</span> <span class='ocrx_word' id='word_1_93' title='bbox 771 1025 891 1067; x_wconf 89' lang='lat' dir='ltr'>Maii.</span> <span class='ocrx_word' id='word_1_94' title='bbox 928 1026 1060 1067; x_wconf 90' lang='lat' dir='ltr'>Anno</span> <span class='ocrx_word' id='word_1_95' title='bbox 1095 1025 1219 1078; x_wconf 78' lang='lat'>1581.</span> 
     </span>
     <span class='ocr_line' id='line_1_13' title="bbox 275 1096 933 1138; baseline 0 0"><span class='ocrx_word' id='word_1_96' title='bbox 275 1096 436 1138; x_wconf 86' lang='lat' dir='ltr'>Sacrae</span> <span class='ocrx_word' id='word_1_97' title='bbox 465 1096 717 1138; x_wconf 86' lang='lat' dir='ltr'>Maiestatis</span> <span class='ocrx_word' id='word_1_98' title='bbox 745 1097 933 1138; x_wconf 90' lang='lat' dir='ltr'>Vestrae</span> 
     </span>
     <span class='ocr_line' id='line_1_14' title="bbox 1368 1164 1775 1220; baseline -0.002 -13"><span class='ocrx_word' id='word_1_99' title='bbox 1368 1164 1588 1220; x_wconf 86' lang='lat' dir='ltr'>Indignus</span> <span class='ocrx_word' id='word_1_100' title='bbox 1619 1178 1775 1207; x_wconf 89' lang='lat' dir='ltr'>servus</span> 
     </span>
     <span class='ocr_line' id='line_1_15' title="bbox 1338 1234 1800 1291; baseline -0.002 -14"><span class='ocrx_word' id='word_1_101' title='bbox 1338 1235 1572 1291; x_wconf 90' lang='lat' dir='ltr'>Johannes</span> <span class='ocrx_word' id='word_1_102' title='bbox 1603 1234 1800 1277; x_wconf 83' lang='lat' dir='ltr'>Lelesius</span> 
     </span>
     <span class='ocr_line' id='line_1_16' title="bbox 109 1305 1771 1360; baseline -0.001 -11"><span class='ocrx_word' id='word_1_103' title='bbox 109 1315 142 1342; x_wconf 78' lang='lat'>15</span> <span class='ocrx_word' id='word_1_104' title='bbox 1389 1305 1630 1349; x_wconf 86' lang='lat' dir='ltr'>Societatis</span> <span class='ocrx_word' id='word_1_105' title='bbox 1661 1306 1771 1360; x_wconf 91' lang='lat' dir='ltr'>Jesu</span> 
     </span>
    </p>
   </div>
   <div class='ocr_carea' id='block_1_3' title="bbox 155 1421 1860 1596">
    <p class='ocr_par' dir='ltr' id='par_1_7' title="bbox 155 1421 1860 1596">
     <span class='ocr_line' id='line_1_17' title="bbox 286 1421 1860 1477; baseline -0.002 -12"><span class='ocrx_word' id='word_1_106' title='bbox 286 1426 425 1465; x_wconf 78' lang='lat' dir='ltr'>Alatta</span> <span class='ocrx_word' id='word_1_107' title='bbox 455 1427 543 1466; x_wconf 82' lang='lat' dir='ltr'>ma&#39;s</span> <span class='ocrx_word' id='word_1_108' title='bbox 573 1426 726 1465; x_wconf 60' lang='lat' dir='ltr'>kbzzel:</span> <span class='ocrx_word' id='word_1_109' title='bbox 770 1426 819 1464; x_wconf 91' lang='lat' dir='ltr'>In</span> <span class='ocrx_word' id='word_1_110' title='bbox 847 1425 929 1464; x_wconf 89' lang='lat' dir='ltr'>alia</span> <span class='ocrx_word' id='word_1_111' title='bbox 959 1425 1137 1477; x_wconf 87' lang='lat' dir='ltr'>epistola</span> <span class='ocrx_word' id='word_1_112' title='bbox 1169 1421 1379 1471; x_wconf 85' lang='lat' dir='ltr'>scribitur,</span> <span class='ocrx_word' id='word_1_113' title='bbox 1415 1424 1530 1477; x_wconf 90' lang='lat' dir='ltr'>quod</span> <span class='ocrx_word' id='word_1_114' title='bbox 1563 1424 1754 1476; x_wconf 89' lang='lat' dir='ltr'>princeps</span> <span class='ocrx_word' id='word_1_115' title='bbox 1789 1424 1860 1462; x_wconf 91' lang='lat' dir='ltr'>de-</span> 
     </span>
     <span class='ocr_line' id='line_1_18' title="bbox 157 1480 1856 1535; baseline -0.001 -11"><span class='ocrx_word' id='word_1_116' title='bbox 157 1486 373 1524; x_wconf 83' lang='lat' dir='ltr'>votissime</span> <span class='ocrx_word' id='word_1_117' title='bbox 411 1486 660 1531; x_wconf 86' lang='lat' dir='ltr'>decesserat,</span> <span class='ocrx_word' id='word_1_118' title='bbox 701 1485 897 1524; x_wconf 89' lang='lat' dir='ltr'>omnibus</span> <span class='ocrx_word' id='word_1_119' title='bbox 936 1485 975 1524; x_wconf 81' lang='lat' dir='ltr'>S.</span> <span class='ocrx_word' id='word_1_120' title='bbox 1013 1485 1210 1524; x_wconf 86' lang='lat' dir='ltr'>ecclesiae</span> <span class='ocrx_word' id='word_1_121' title='bbox 1246 1484 1521 1523; x_wconf 85' lang='lat' dir='ltr'>sacramentis</span> <span class='ocrx_word' id='word_1_122' title='bbox 1560 1483 1675 1535; x_wconf 83' lang='lat' dir='ltr'>prius</span> <span class='ocrx_word' id='word_1_123' title='bbox 1712 1480 1856 1534; x_wconf 86' lang='lat' dir='ltr'>petitis</span> 
     </span>
     <span class='ocr_line' id='line_1_19' title="bbox 155 1544 428 1596; baseline 0.011 -14"><span class='ocrx_word' id='word_1_124' title='bbox 155 1550 197 1583; x_wconf 91' lang='lat' dir='ltr'>et</span> <span class='ocrx_word' id='word_1_125' title='bbox 236 1544 428 1596; x_wconf 87' lang='lat' dir='ltr'>receptis.</span> 
     </span>
    </p>
   </div>
   <div class='ocr_carea' id='block_1_4' title="bbox 182 1642 1831 1690">
    <p class='ocr_par' dir='ltr' id='par_1_8' title="bbox 182 1642 1831 1690">
     <span class='ocr_line' id='line_1_20' title="bbox 182 1642 1831 1690; baseline -0.002 -11"><span class='ocrx_word' id='word_1_126' title='bbox 182 1644 387 1690; x_wconf 79' lang='lat' dir='ltr'>(Egykorsi</span> <span class='ocrx_word' id='word_1_127' title='bbox 409 1643 594 1686; x_wconf 72' lang='lat' dir='ltr'>masolat,</span> <span class='ocrx_word' id='word_1_128' title='bbox 621 1644 748 1679; x_wconf 80' lang='lat' dir='ltr'>romai</span> <span class='ocrx_word' id='word_1_129' title='bbox 770 1646 854 1679; x_wconf 84' lang='lat' dir='ltr'>vat.</span> <span class='ocrx_word' id='word_1_130' title='bbox 884 1644 1153 1678; x_wconf 86' lang='lat' dir='ltr'>›&gt;Nunziatura</span> <span class='ocrx_word' id='word_1_131' title='bbox 1174 1644 1211 1678; x_wconf 88' lang='lat' dir='ltr'>di</span> <span class='ocrx_word' id='word_1_132' title='bbox 1236 1644 1421 1678; x_wconf 74' lang='lat' dir='ltr'>Polonia«</span> <span class='ocrx_word' id='word_1_133' title='bbox 1448 1644 1502 1677; x_wconf 82' lang='lat'>18.</span> <span class='ocrx_word' id='word_1_134' title='bbox 1525 1643 1612 1677; x_wconf 75' lang='lat' dir='ltr'>kot.</span> <span class='ocrx_word' id='word_1_135' title='bbox 1639 1642 1766 1686; x_wconf 78' lang='lat' dir='ltr'><em>162s4.</em></span> <span class='ocrx_word' id='word_1_136' title='bbox 1789 1643 1831 1684; x_wconf 95' lang='grc'>1.)</span> 
     </span>
    </p>
   </div>
   <div class='ocr_carea' id='block_1_5' title="bbox 107 1807 1045 1850">
    <p class='ocr_par' dir='ltr' id='par_1_9' title="bbox 107 1807 1045 1850">
     <span class='ocr_line' id='line_1_21' title="bbox 107 1807 1045 1850; baseline 0.003 -4"><span class='ocrx_word' id='word_1_137' title='bbox 107 1820 143 1847; x_wconf 89' lang='lat'>20</span> <span class='ocrx_word' id='word_1_138' title='bbox 974 1807 1045 1850; x_wconf 90' lang='lat'>51.</span> 
     </span>
    </p>
   </div>
   <div class='ocr_carea' id='block_1_6' title="bbox 668 1919 1341 1974">
    <p class='ocr_par' dir='ltr' id='par_1_10' title="bbox 668 1919 1341 1974">
     <span class='ocr_line' id='line_1_22' title="bbox 668 1919 1341 1974; baseline -0.003 -12"><span class='ocrx_word' id='word_1_139' title='bbox 668 1920 916 1968; x_wconf 77' lang='lat' dir='ltr'>Kolozsvdr,</span> <span class='ocrx_word' id='word_1_140' title='bbox 951 1920 1064 1973; x_wconf 80' lang='lat'><em>1581</em></span> <span class='ocrx_word' id='word_1_141' title='bbox 1096 1919 1241 1974; x_wconf 63' lang='lat' dir='ltr'>majus</span> <span class='ocrx_word' id='word_1_142' title='bbox 1272 1930 1341 1972; x_wconf 86' lang='lat'>29.</span> 
     </span>
    </p>
   </div>
   <div class='ocr_carea' id='block_1_7' title="bbox 388 2035 1629 2088">
    <p class='ocr_par' dir='ltr' id='par_1_11' title="bbox 388 2035 1629 2088">
     <span class='ocr_line' id='line_1_23' title="bbox 388 2035 1629 2088; baseline -0.001 -13"><span class='ocrx_word' id='word_1_143' title='bbox 388 2037 433 2076; x_wconf 90' lang='lat' dir='ltr'>P.</span> <span class='ocrx_word' id='word_1_144' title='bbox 465 2036 619 2087; x_wconf 85' lang='lat' dir='ltr'>Wujek</span> <span class='ocrx_word' id='word_1_145' title='bbox 648 2036 789 2087; x_wconf 89' lang='lat' dir='ltr'>Jakab</span> <span class='ocrx_word' id='word_1_146' title='bbox 818 2036 962 2075; x_wconf 89' lang='lat' dir='ltr'>rektor</span> <span class='ocrx_word' id='word_1_147' title='bbox 991 2036 1184 2088; x_wconf 79' lang='lat' dir='ltr'>Bathory</span> <span class='ocrx_word' id='word_1_148' title='bbox 1215 2037 1363 2075; x_wconf 74' lang='lat' dir='ltr'>Istvan</span> <span class='ocrx_word' id='word_1_149' title='bbox 1393 2035 1629 2087; x_wconf 77' lang='lat' dir='ltr'>kiralynak.</span> 
     </span>
    </p>
   </div>
   <div class='ocr_carea' id='block_1_8' title="bbox 109 2134 1859 2308">
    <p class='ocr_par' dir='ltr' id='par_1_12' title="bbox 109 2134 1859 2308">
     <span class='ocr_line' id='line_1_24' title="bbox 284 2134 1858 2190; baseline -0.002 -12"><span class='ocrx_word' id='word_1_150' title='bbox 284 2140 464 2190; x_wconf 79' lang='lat' dir='ltr'>Ba&#39;thory</span> <span class='ocrx_word' id='word_1_151' title='bbox 490 2139 653 2189; x_wconf 80' lang='lat' dir='ltr'>Krist6f</span> <span class='ocrx_word' id='word_1_152' title='bbox 676 2139 812 2178; x_wconf 77' lang='lat' dir='ltr'>haldla</span> <span class='ocrx_word' id='word_1_153' title='bbox 838 2140 935 2179; x_wconf 79' lang='lat' dir='ltr'>hire.</span> <span class='ocrx_word' id='word_1_154' title='bbox 975 2140 1080 2180; x_wconf 69' lang='grc' dir='ltr'>Κὲνί</span> <span class='ocrx_word' id='word_1_155' title='bbox 1103 2140 1384 2190; x_wconf 78' lang='lat' dir='ltr'>tdmogatdsdt,</span> <span class='ocrx_word' id='word_1_156' title='bbox 1423 2139 1577 2190; x_wconf 74' lang='lat' dir='ltr'>nehogy</span> <span class='ocrx_word' id='word_1_157' title='bbox 1603 2151 1649 2177; x_wconf 75' lang='lat' dir='ltr'>az</span> <span class='ocrx_word' id='word_1_158' title='bbox 1674 2134 1858 2188; x_wconf 61' lang='lat' dir='ltr'>ajhitz&#39;iek</span> 
     </span>
     <span class='ocr_line' id='line_1_25' title="bbox 154 2195 1859 2250; baseline -0.002 -13"><span class='ocrx_word' id='word_1_159' title='bbox 154 2202 210 2237; x_wconf 74' lang='lat' dir='ltr'>ezt</span> <span class='ocrx_word' id='word_1_160' title='bbox 240 2211 287 2237; x_wconf 80' lang='lat' dir='ltr'>az</span> <span class='ocrx_word' id='word_1_161' title='bbox 317 2198 512 2237; x_wconf 77' lang='lat' dir='ltr'>alkalmat</span> <span class='ocrx_word' id='word_1_162' title='bbox 543 2198 701 2237; x_wconf 67' lang='lat' dir='ltr'>ellenuk</span> <span class='ocrx_word' id='word_1_163' title='bbox 730 2198 1037 2250; x_wconf 72' lang='lat' dir='ltr'>salhasznciljdk.</span> <span class='ocrx_word' id='word_1_164' title='bbox 1066 2198 1100 2237; x_wconf 88' lang='lat' dir='ltr'><strong><em>A</em></strong></span> <span class='ocrx_word' id='word_1_165' title='bbox 1138 2196 1355 2249; x_wconf 61' lang='lat' dir='ltr'>kollegium</span> <span class='ocrx_word' id='word_1_166' title='bbox 1386 2210 1510 2236; x_wconf 78' lang='lat' dir='ltr'>sorsa.</span> <span class='ocrx_word' id='word_1_167' title='bbox 1544 2197 1593 2236; x_wconf 88' lang='lat' dir='ltr'>P.</span> <span class='ocrx_word' id='word_1_168' title='bbox 1627 2195 1859 2235; x_wconf 70' lang='lat' dir='ltr'>Odescalchi</span> 
     </span>
     <span class='ocr_line' id='line_1_26' title="bbox 109 2257 516 2308; baseline 0.005 -15"><span class='ocrx_word' id='word_1_169' title='bbox 109 2257 277 2308; x_wconf 81' lang='lat' dir='ltr'>25La7&#39;os</span> <span class='ocrx_word' id='word_1_170' title='bbox 307 2257 516 2308; x_wconf 57' lang='lat' dir='ltr'>betegsege.</span> 
     </span>
    </p>
   </div>
   <div class='ocr_carea' id='block_1_9' title="bbox 110 2363 1858 2774">
    <p class='ocr_par' dir='ltr' id='par_1_13' title="bbox 273 2363 1588 2420">
     <span class='ocr_line' id='line_1_27' title="bbox 273 2363 1588 2420; baseline -0.001 -13"><span class='ocrx_word' id='word_1_171' title='bbox 273 2365 561 2408; x_wconf 86' lang='lat' dir='ltr'>Serenissime</span> <span class='ocrx_word' id='word_1_172' title='bbox 593 2379 684 2415; x_wconf 87' lang='lat' dir='ltr'>rex,</span> <span class='ocrx_word' id='word_1_173' title='bbox 719 2365 899 2408; x_wconf 91' lang='lat' dir='ltr'>domine</span> <span class='ocrx_word' id='word_1_174' title='bbox 931 2371 976 2407; x_wconf 91' lang='lat' dir='ltr'>et</span> <span class='ocrx_word' id='word_1_175' title='bbox 1009 2370 1199 2420; x_wconf 90' lang='lat' dir='ltr'>patrone</span> <span class='ocrx_word' id='word_1_176' title='bbox 1231 2363 1588 2406; x_wconf 88' lang='lat' dir='ltr'>clementissime.</span> 
     </span>
    </p>

    <p class='ocr_par' dir='ltr' id='par_1_14' title="bbox 160 2433 1858 2633">
     <span class='ocr_line' id='line_1_28' title="bbox 276 2433 1858 2492; baseline -0.003 -13"><span class='ocrx_word' id='word_1_177' title='bbox 276 2437 377 2479; x_wconf 90' lang='lat' dir='ltr'>Hac</span> <span class='ocrx_word' id='word_1_178' title='bbox 432 2436 531 2492; x_wconf 91' lang='lat' dir='ltr'>ipsa</span> <span class='ocrx_word' id='word_1_179' title='bbox 579 2437 691 2478; x_wconf 90' lang='lat' dir='ltr'>hora</span> <span class='ocrx_word' id='word_1_180' title='bbox 740 2436 953 2478; x_wconf 91' lang='lat' dir='ltr'>nuntium</span> <span class='ocrx_word' id='word_1_181' title='bbox 1016 2435 1326 2477; x_wconf 90' lang='lat' dir='ltr'>tristissimum</span> <span class='ocrx_word' id='word_1_182' title='bbox 1388 2433 1671 2489; x_wconf 85' lang='lat' dir='ltr'>accepimus:</span> <span class='ocrx_word' id='word_1_183' title='bbox 1738 2434 1858 2476; x_wconf 72' lang='lat' dir='ltr'>Ill‘nus</span> 
     </span>
     <span class='ocr_line' id='line_1_29' title="bbox 160 2505 1857 2563; baseline -0.002 -14"><span class='ocrx_word' id='word_1_184' title='bbox 160 2507 379 2563; x_wconf 89' lang='lat' dir='ltr'>princeps,</span> <span class='ocrx_word' id='word_1_185' title='bbox 411 2507 622 2550; x_wconf 89' lang='lat' dir='ltr'>dominus</span> <span class='ocrx_word' id='word_1_186' title='bbox 650 2511 695 2549; x_wconf 91' lang='lat' dir='ltr'>et</span> <span class='ocrx_word' id='word_1_187' title='bbox 724 2506 987 2549; x_wconf 72' lang='lat' dir='ltr'>benefactor</span> <span class='ocrx_word' id='word_1_188' title='bbox 1014 2510 1167 2548; x_wconf 91' lang='lat' dir='ltr'>noster</span> <span class='ocrx_word' id='word_1_189' title='bbox 1195 2510 1402 2548; x_wconf 88' lang='lat' dir='ltr'>mortuus</span> <span class='ocrx_word' id='word_1_190' title='bbox 1430 2510 1512 2546; x_wconf 87' lang='lat' dir='ltr'>est.</span> <span class='ocrx_word' id='word_1_191' title='bbox 1551 2505 1857 2561; x_wconf 76' lang='lat' dir='ltr'>Quamobrem</span> 
     </span>
     <span class='ocr_line' id='line_1_30' title="bbox 160 2575 1858 2633; baseline -0.002 -12"><span class='ocrx_word' id='word_1_192' title='bbox 160 2578 220 2620; x_wconf 91' lang='lat' dir='ltr'>ad</span> <span class='ocrx_word' id='word_1_193' title='bbox 251 2576 360 2621; x_wconf 79' lang='lat' dir='ltr'>Mtem</span> <span class='ocrx_word' id='word_1_194' title='bbox 376 2578 523 2620; x_wconf 91' lang='lat' dir='ltr'>Tuam</span> <span class='ocrx_word' id='word_1_195' title='bbox 556 2582 659 2633; x_wconf 88' lang='lat' dir='ltr'>post</span> <span class='ocrx_word' id='word_1_196' title='bbox 688 2579 836 2619; x_wconf 89' lang='lat' dir='ltr'>Deum</span> <span class='ocrx_word' id='word_1_197' title='bbox 869 2576 1155 2625; x_wconf 82' lang='lat' dir='ltr'>accurrimus,</span> <span class='ocrx_word' id='word_1_198' title='bbox 1184 2590 1317 2631; x_wconf 88' lang='lat' dir='ltr'>opem</span> <span class='ocrx_word' id='word_1_199' title='bbox 1337 2580 1381 2617; x_wconf 88' lang='lat' dir='ltr'>et</span> <span class='ocrx_word' id='word_1_200' title='bbox 1402 2575 1622 2618; x_wconf 85' lang='lat' dir='ltr'>auxilium</span> <span class='ocrx_word' id='word_1_201' title='bbox 1641 2580 1686 2617; x_wconf 91' lang='lat' dir='ltr'>et</span> <span class='ocrx_word' id='word_1_202' title='bbox 1707 2575 1858 2618; x_wconf 82' lang='lat' dir='ltr'>defen-</span> 
     </span>
    </p>

    <p class='ocr_par' dir='ltr' id='par_1_15' title="bbox 110 2646 1857 2774">
     <span class='ocr_line' id='line_1_31' title="bbox 110 2646 1857 2704; baseline -0.002 -13"><span class='ocrx_word' id='word_1_203' title='bbox 110 2665 147 2692; x_wconf 89' lang='lat'>30</span> <span class='ocrx_word' id='word_1_204' title='bbox 160 2649 332 2691; x_wconf 90' lang='lat' dir='ltr'>sionem</span> <span class='ocrx_word' id='word_1_205' title='bbox 360 2649 658 2704; x_wconf 89' lang='lat' dir='ltr'>postulantes.</span> <span class='ocrx_word' id='word_1_206' title='bbox 691 2649 794 2690; x_wconf 93' lang='lat' dir='ltr'>Non</span> <span class='ocrx_word' id='word_1_207' title='bbox 822 2653 890 2689; x_wconf 92' lang='lat' dir='ltr'>est</span> <span class='ocrx_word' id='word_1_208' title='bbox 921 2647 1124 2696; x_wconf 90' lang='lat' dir='ltr'>dubium,</span> <span class='ocrx_word' id='word_1_209' title='bbox 1156 2646 1266 2702; x_wconf 87' lang='lat' dir='ltr'>quin</span> <span class='ocrx_word' id='word_1_210' title='bbox 1294 2647 1447 2688; x_wconf 92' lang='lat' dir='ltr'>hostes</span> <span class='ocrx_word' id='word_1_211' title='bbox 1475 2646 1580 2688; x_wconf 89' lang='lat' dir='ltr'>fidei</span> <span class='ocrx_word' id='word_1_212' title='bbox 1609 2646 1857 2688; x_wconf 87' lang='lat' dir='ltr'>catholicae</span> 
     </span>
     <span class='ocr_line' id='line_1_32' title="bbox 160 2716 1855 2774; baseline -0.002 -12"><span class='ocrx_word' id='word_1_213' title='bbox 160 2719 358 2762; x_wconf 91' lang='lat' dir='ltr'>multum</span> <span class='ocrx_word' id='word_1_214' title='bbox 383 2719 661 2774; x_wconf 85' lang='lat' dir='ltr'>gaudebunt.</span> <span class='ocrx_word' id='word_1_215' title='bbox 692 2718 815 2761; x_wconf 90' lang='lat' dir='ltr'>Nihil</span> <span class='ocrx_word' id='word_1_216' title='bbox 841 2718 961 2760; x_wconf 91' lang='lat' dir='ltr'>enim</span> <span class='ocrx_word' id='word_1_217' title='bbox 987 2717 1130 2772; x_wconf 85' lang='lat' dir='ltr'>magis</span> <span class='ocrx_word' id='word_1_218' title='bbox 1156 2717 1202 2759; x_wconf 92' lang='lat' dir='ltr'>in</span> <span class='ocrx_word' id='word_1_219' title='bbox 1228 2717 1348 2760; x_wconf 85' lang='lat' dir='ltr'>votis</span> <span class='ocrx_word' id='word_1_220' title='bbox 1374 2717 1539 2759; x_wconf 89' lang='lat' dir='ltr'>habere</span> <span class='ocrx_word' id='word_1_221' title='bbox 1566 2716 1855 2766; x_wconf 88' lang='lat' dir='ltr'>videbantur,</span> 
     </span>
    </p>
   </div>
   <div class='ocr_carea' id='block_1_10' title="bbox 160 2787 1923 2846">
    <p class='ocr_par' dir='ltr' id='par_1_16' title="bbox 160 2787 1923 2846">
     <span class='ocr_line' id='line_1_33' title="bbox 160 2787 1923 2846; baseline -0.002 -14"><span class='ocrx_word' id='word_1_222' title='bbox 160 2804 300 2846; x_wconf 89' lang='lat' dir='ltr'>quam</span> <span class='ocrx_word' id='word_1_223' title='bbox 321 2795 516 2833; x_wconf 91' lang='lat' dir='ltr'>mortem</span> <span class='ocrx_word' id='word_1_224' title='bbox 538 2789 765 2846; x_wconf 91' lang='lat' dir='ltr'>principis,</span> <span class='ocrx_word' id='word_1_225' title='bbox 789 2789 869 2831; x_wconf 91' lang='lat' dir='ltr'>sed</span> <span class='ocrx_word' id='word_1_226' title='bbox 890 2803 991 2844; x_wconf 91' lang='lat' dir='ltr'>spes</span> <span class='ocrx_word' id='word_1_227' title='bbox 1012 2792 1169 2830; x_wconf 87' lang='lat' dir='ltr'>nostra</span> <span class='ocrx_word' id='word_1_228' title='bbox 1189 2787 1236 2829; x_wconf 89' lang='lat' dir='ltr'>in</span> <span class='ocrx_word' id='word_1_229' title='bbox 1258 2787 1454 2830; x_wconf 89' lang='lat' dir='ltr'>Domino</span> <span class='ocrx_word' id='word_1_230' title='bbox 1477 2789 1573 2830; x_wconf 92' lang='lat' dir='ltr'>Deo</span> <span class='ocrx_word' id='word_1_231' title='bbox 1596 2792 1664 2830; x_wconf 89' lang='lat' dir='ltr'>est</span> <span class='ocrx_word' id='word_1_232' title='bbox 1686 2792 1731 2830; x_wconf 90' lang='lat' dir='ltr'>et</span> <span class='ocrx_word' id='word_1_233' title='bbox 1754 2792 1857 2843; x_wconf 92' lang='lat' dir='ltr'>post</span> <span class='ocrx_word' id='word_1_234' title='bbox 1920 2827 1923 2829; x_wconf 83' lang='lat'>.</span> 
     </span>
    </p>
   </div>
   <div class='ocr_carea' id='block_1_11' title="bbox 159 2855 1858 2985">
    <p class='ocr_par' dir='ltr' id='par_1_17' title="bbox 159 2855 1858 2985">
     <span class='ocr_line' id='line_1_34' title="bbox 159 2855 1856 2916; baseline -0.002 -13"><span class='ocrx_word' id='word_1_235' title='bbox 159 2875 264 2903; x_wconf 91' lang='lat' dir='ltr'>eum</span> <span class='ocrx_word' id='word_1_236' title='bbox 277 2860 325 2902; x_wconf 92' lang='lat' dir='ltr'>in</span> <span class='ocrx_word' id='word_1_237' title='bbox 339 2861 621 2916; x_wconf 90' lang='lat' dir='ltr'>protectione</span> <span class='ocrx_word' id='word_1_238' title='bbox 636 2855 720 2903; x_wconf 79' lang='lat' dir='ltr'>Mtis</span> <span class='ocrx_word' id='word_1_239' title='bbox 734 2861 870 2903; x_wconf 89' lang='lat' dir='ltr'>Tuae.</span> <span class='ocrx_word' id='word_1_240' title='bbox 886 2858 1066 2914; x_wconf 84' lang='lat' dir='ltr'>Collegii</span> <span class='ocrx_word' id='word_1_241' title='bbox 1082 2873 1202 2901; x_wconf 89' lang='lat' dir='ltr'>nova</span> <span class='ocrx_word' id='word_1_242' title='bbox 1217 2858 1483 2901; x_wconf 81' lang='lat' dir='ltr'>fundatione</span> <span class='ocrx_word' id='word_1_243' title='bbox 1499 2873 1613 2914; x_wconf 88' lang='lat' dir='ltr'>opus</span> <span class='ocrx_word' id='word_1_244' title='bbox 1628 2863 1696 2901; x_wconf 90' lang='lat' dir='ltr'>est</span> <span class='ocrx_word' id='word_1_245' title='bbox 1711 2872 1720 2909; x_wconf 86' lang='lat'>;</span> <span class='ocrx_word' id='word_1_246' title='bbox 1742 2873 1856 2907; x_wconf 89' lang='lat' dir='ltr'>eam,</span> 
     </span>
     <span class='ocr_line' id='line_1_35' title="bbox 159 2924 1858 2985; baseline -0.002 -12"><span class='ocrx_word' id='word_1_247' title='bbox 159 2931 228 2973; x_wconf 94' lang='lat' dir='ltr'>uti</span> <span class='ocrx_word' id='word_1_248' title='bbox 257 2933 430 2974; x_wconf 88' lang='lat' dir='ltr'>Romae</span> <span class='ocrx_word' id='word_1_249' title='bbox 460 2931 545 2973; x_wconf 87' lang='lat' dir='ltr'>fuit</span> <span class='ocrx_word' id='word_1_250' title='bbox 575 2931 830 2980; x_wconf 88' lang='lat' dir='ltr'>emendata,</span> <span class='ocrx_word' id='word_1_251' title='bbox 860 2930 962 2973; x_wconf 89' lang='lat' dir='ltr'>misi</span> <span class='ocrx_word' id='word_1_252' title='bbox 989 2924 1059 2972; x_wconf 73' lang='lat' dir='ltr'>Mti</span> <span class='ocrx_word' id='word_1_253' title='bbox 1085 2930 1209 2971; x_wconf 88' lang='lat' dir='ltr'>Tuae</span> <span class='ocrx_word' id='word_1_254' title='bbox 1237 2943 1316 2985; x_wconf 90' lang='lat' dir='ltr'>per</span> <span class='ocrx_word' id='word_1_255' title='bbox 1342 2943 1504 2972; x_wconf 89' lang='lat' dir='ltr'>manus</span> <span class='ocrx_word' id='word_1_256' title='bbox 1531 2924 1629 2972; x_wconf 82' lang='lat' dir='ltr'>Illmi</span> <span class='ocrx_word' id='word_1_257' title='bbox 1645 2928 1858 2985; x_wconf 91' lang='lat' dir='ltr'>principis</span> 
     </span>
    </p>
   </div>
   <div class='ocr_carea' id='block_1_12' title="bbox 112 3096 1860 3204">
    <p class='ocr_par' dir='ltr' id='par_1_18' title="bbox 112 3096 1860 3204">
     <span class='ocr_line' id='line_1_36' title="bbox 112 3096 1860 3139; baseline -0.004 -1"><span class='ocrx_word' id='word_1_258' title='bbox 112 3110 148 3138; x_wconf 87' lang='lat'>35</span> <span class='ocrx_word' id='word_1_259' title='bbox 288 3099 303 3121; x_wconf 79' lang='lat'><strong>²</strong></span> <span class='ocrx_word' id='word_1_260' title='bbox 330 3101 387 3134; x_wconf 89' lang='lat' dir='ltr'>Ez</span> <span class='ocrx_word' id='word_1_261' title='bbox 413 3112 438 3136; x_wconf 91' lang='lat' dir='ltr'>a</span> <span class='ocrx_word' id='word_1_262' title='bbox 463 3102 633 3135; x_wconf 82' lang='lat' dir='ltr'>mondat</span> <span class='ocrx_word' id='word_1_263' title='bbox 658 3101 744 3136; x_wconf 74' lang='lat' dir='ltr'>mas</span> <span class='ocrx_word' id='word_1_264' title='bbox 770 3101 903 3135; x_wconf 81' lang='lat' dir='ltr'>kezzel</span> <span class='ocrx_word' id='word_1_265' title='bbox 929 3111 1009 3134; x_wconf 87' lang='lat' dir='ltr'>van</span> <span class='ocrx_word' id='word_1_266' title='bbox 1035 3099 1134 3139; x_wconf 88' lang='lat' dir='ltr'>irva,</span> <span class='ocrx_word' id='word_1_267' title='bbox 1162 3098 1320 3133; x_wconf 88' lang='lat' dir='ltr'>mintha</span> <span class='ocrx_word' id='word_1_268' title='bbox 1345 3109 1438 3133; x_wconf 89' lang='lat' dir='ltr'>nem</span> <span class='ocrx_word' id='word_1_269' title='bbox 1463 3097 1676 3133; x_wconf 79' lang='lat' dir='ltr'>tartoznek</span> <span class='ocrx_word' id='word_1_270' title='bbox 1703 3108 1727 3132; x_wconf 90' lang='lat' dir='ltr'>a</span> <span class='ocrx_word' id='word_1_271' title='bbox 1753 3096 1860 3131; x_wconf 74' lang='lat' dir='ltr'>level</span> 
     </span>
     <span class='ocr_line' id='line_1_37' title="bbox 160 3156 1141 3204; baseline -0.002 -13"><span class='ocrx_word' id='word_1_272' title='bbox 160 3158 416 3203; x_wconf 72' lang='lat' dir='ltr'>szovegeheZ,</span> <span class='ocrx_word' id='word_1_273' title='bbox 445 3169 552 3204; x_wconf 85' lang='lat' dir='ltr'>vagy</span> <span class='ocrx_word' id='word_1_274' title='bbox 578 3159 652 3193; x_wconf 72' lang='lat' dir='ltr'>tan</span> <span class='ocrx_word' id='word_1_275' title='bbox 679 3170 703 3193; x_wconf 86' lang='lat' dir='ltr'>a</span> <span class='ocrx_word' id='word_1_276' title='bbox 730 3158 881 3193; x_wconf 75' lang='lat' dir='ltr'>masolo</span> <span class='ocrx_word' id='word_1_277' title='bbox 909 3158 1062 3202; x_wconf 84' lang='lat' dir='ltr'>hagyta</span> <span class='ocrx_word' id='word_1_278' title='bbox 1088 3156 1141 3190; x_wconf 90' lang='lat' dir='ltr'>ki.</span> 
     </span>
    </p>
   </div>
  </div>
 </body>
</html>
