2188 3535
282 184 351 219 126
1041 181 1114 215 No.
1149 185 1200 227 48
1643 184 1755 230 [1581
1793 183 1888 228 maj.
1927 192 1966 217 11

279 301 425 342 Erunt
457 300 576 343 enim
615 300 686 342 hic
717 299 936 354 plurimae
968 297 1274 342 difficultates.
1309 301 1421 344 Cum
1451 301 1627 345 nullum
1657 301 1730 343 hic
1761 301 1819 343 sit
1851 300 1975 343 aliud

280 371 499 426 templum
529 370 815 418 catholicum,
858 369 1002 411 nostri
1029 384 1218 412 munera
1245 372 1546 426 parochorum
1573 371 1822 413 necessario
1851 371 1975 414 obire

279 441 521 483 debebunt.
557 440 820 495 Sepulturas
851 439 1062 481 catholici
1092 445 1258 496 petunt
1288 441 1335 484 in
1365 447 1520 484 nostro
1552 442 1737 497 templo,
1770 441 1840 483 uti
1870 455 1975 484 con-

279 516 518 553 sueverant
540 524 549 560 ;
571 524 654 552 nos
674 524 777 552 cum
798 509 1015 552 fuerimus
1034 510 1080 552 in
1101 511 1302 562 civitate,
1325 512 1372 554 id
1391 527 1482 555 non
1502 512 1831 568 permittemus.
1856 512 1976 554 Fons

278 580 559 635 baptismalis
583 580 627 622 in
651 580 822 635 templo
848 580 1038 622 fortasse
1054 581 1138 623 erit
1153 582 1511 632 constituendus,
1537 583 1696 625 funera
1711 582 1976 642 deducenda
2005 592 2025 620 5

277 655 321 691 et
342 650 599 692 huiusmodi
620 651 778 692 multa.
803 650 858 692 In
878 651 1058 706 quibus,
1074 657 1127 693 ut
1143 657 1188 694 et
1206 653 1464 696 necessitati
1484 653 1618 695 huius
1638 653 1723 695 loci
1744 658 1789 694 et
1809 652 1976 695 nostris

277 720 678 770 commissionibus,
689 721 843 777 quoad
854 721 949 763 eius
961 722 1056 764 fieri
1069 723 1252 777 poterit,
1263 725 1536 766 consulatur.
1553 724 1750 766 Homine
1762 723 1976 779 prudenti

277 795 320 831 et
347 791 518 845 pietate
544 791 751 847 praedito
778 805 892 847 opus
918 796 999 834 est.
1030 793 1149 836 Item
1176 794 1230 836 de
1258 794 1538 837 fundationis
1567 794 1845 837 incremento
1871 808 1975 837 cum

276 860 475 917 principe
504 867 549 904 et
580 876 681 918 rege
710 863 1005 905 tractandum
1035 868 1103 905 est
1133 868 1179 906 et
1209 865 1354 907 multa
1384 865 1431 907 id
1460 879 1611 921 genus.
1632 865 1906 921 Vellemque‚
1939 864 1976 907 si

278 931 371 973 fieri
396 932 487 975 ullo
513 933 649 975 modo
674 933 830 988 possit,
858 938 910 975 ut
936 934 1224 988 provincialis
1250 936 1323 978 vel
1348 935 1559 978 visitator
1582 937 1671 977 huc
1696 935 1757 978 ad
1780 950 1862 978 nos
1887 935 1975 991 pri-
1990 945 2025 973 1⁰

276 1017 402 1045 mum
425 1003 599 1046 veniret
624 1004 842 1046 Cracovia
864 1009 909 1046 et
934 1004 1038 1047 inde
1061 1005 1196 1047 rebus
1218 1005 1291 1048 hic
1314 1006 1428 1048 bene
1452 1006 1643 1062 cognitis
1667 1011 1712 1048 et
1736 1006 1974 1063 perceptis,

278 1072 453 1128 plenius
480 1074 535 1116 de
561 1074 772 1117 omnibus
798 1089 901 1118 cum
928 1089 1029 1131 rege
1056 1076 1270 1118 Poloniae
1297 1081 1495 1120 tractare
1521 1081 1565 1119 et
1593 1076 1794 1120 conferre
1820 1081 1973 1133 queat.

279 1144 401 1185 Bene
430 1145 581 1187 valeat
613 1146 665 1187 R.
700 1146 747 1188 P.
780 1146 877 1188 Tua
914 1146 1057 1188 nostri
1099 1147 1145 1189 in
1187 1147 1279 1189 suis
1321 1147 1490 1190 sanctis
1532 1148 1758 1190 sacrificiis
1799 1151 1845 1190 et
1878 1161 1974 1190 ora-

279 1213 478 1257 tionibus
509 1229 692 1258 memor.

395 1286 784 1329 Colosmonostrae
802 1300 825 1329 e
842 1287 1185 1343 Transylvania,
1209 1301 1274 1331 12.
1295 1289 1473 1345 Aprilis.
1494 1291 1628 1332 Anno
1646 1289 1831 1333 Domini
1849 1289 1973 1343 1581.
1991 1298 2027 1326 15

512 1357 804 1400 Reverendae
839 1359 886 1400 P.
924 1359 1013 1400 Vrae

1372 1445 1528 1474 servus
1558 1430 1605 1474 in
1637 1431 1814 1474 Christo

1246 1501 1447 1556 Jacobus
1477 1502 1772 1558 Vagrovicius
1802 1516 1916 1558 mpr.

408 1599 652 1639 Kulczime:
690 1600 934 1638 Admodum
980 1596 1058 1639 Rd⁰
1089 1601 1132 1639 in
1167 1601 1332 1641 Christo
1367 1602 1484 1642 Patri
1517 1602 1674 1642 Nostro
1708 1602 1760 1641 N.
1796 1603 1977 1654 generali

277 1658 517 1709 praeposito
550 1658 771 1698 Societatis
803 1659 919 1709 Jesu.
1991 1669 2027 1696 2⁰

410 1752 578 1793 Alatta:
610 1753 676 1792 Ex
694 1752 1016 1805 Transylvania.
1045 1752 1378 1795 commendatur
1398 1756 1449 1796 R.
1477 1756 1522 1795 P.
1547 1755 1796 1807 Praeposito
1826 1757 1980 1796 domus

278 1810 463 1851 Venetae
493 1810 716 1852 Societatis
745 1812 862 1863 Jesu.

550 1903 741 1946 (Eredeti‚
770 1904 992 1949 sajzitkezu',
1023 1915 1046 1939 a
1075 1905 1371 1950 Jezsuita-rend
1398 1906 1705 1950 leveltaraban.)

1094 2021 1166 2066 48.

786 2121 1036 2171 Κοίοεευάν,
1071 2124 1186 2177 1581
1217 2123 1363 2180 mcijus
1395 2136 1463 2167 Η.
1989 2135 2026 2162 2⁵

504 2224 549 2263 P.
581 2224 735 2276 Wujek
764 2225 906 2276 Jakab
934 2226 1078 2266 rektor
1108 2227 1302 2280 Bathory
1332 2228 1481 2268 Istvan
1510 2228 1747 2281 kiralynak.

404 2314 466 2354 ΑΖ
486 2315 607 2365 atydk
628 2315 940 2356 bekoltozkdddse
957 2317 1011 2356 M
1013 2317 1233 2358 onostorrdl
1252 2319 1292 2358 ἑε
1313 2319 1361 2370 227'
1379 2319 1585 2372 iskola'juk
1605 2321 1871 2372 megnyita'sa.

394 2411 446 2464 [F
449 2410 571 2453 accio
599 2425 756 2468 sapere
784 2426 811 2456 a
838 2413 890 2455 V.
922 2414 1130 2470 Maesta‚]
1161 2415 1243 2457 che
1270 2414 1344 2471 gia
1370 2414 1402 2457 11
1429 2415 1631 2472 principe
1657 2417 1718 2459 ha
1745 2416 1975 2473 applicato

275 2485 342 2523 tre
375 2481 488 2524 altre
521 2482 638 2532 ville,
674 2483 756 2525 che
788 2483 841 2526 V.
877 2485 1053 2527 Maesta
1084 2485 1232 2528 havea
1263 2499 1493 2542 promesso
1527 2500 1555 2529 a
1586 2491 1741 2530 nostro
1775 2487 1972 2543 collegio.

276 2550 327 2593 Li
353 2551 483 2607 padri
510 2552 549 2595 ci
575 2566 686 2596 sono
711 2553 785 2610 gia
810 2555 983 2610 passati
1009 2555 1056 2597 di
1083 2556 1448 2600 Colosmonostra
1474 2557 1534 2600 ad
1558 2557 1766 2600 habitare
1791 2558 1836 2600 la
1861 2558 1975 2601 citta
1986 2570 2023 2598 ao

274 2621 319 2663 di
351 2622 575 2666 Colosvar.
600 2624 864 2667 Habbiamo
886 2626 1031 2682 aperti
1061 2626 1092 2668 li
1123 2626 1299 2677 studii,l
1330 2627 1450 2670 fatto
1479 2642 1572 2670 una
1601 2628 1786 2684 disputa
1806 2642 1891 2671 con
1912 2643 1975 2671 un

403 2724 416 2745 ¹
444 2725 477 2758 A
496 2725 719 2760 kolozsvari
735 2727 975 2771 gimmizium
996 2729 1249 2774 megnyitz'tsa
1265 2729 1509 2764 alkalmabol
1525 2730 1721 2764 kiosztott
1738 2733 1974 2775 nyomatott

275 2783 554 2827 tanrendjcnek
585 2795 653 2819 ma
684 2785 771 2819 mar
803 2787 987 2832 egyetlen
1018 2787 1221 2833 peldanya
1251 2798 1333 2822 sem
1367 2788 1585 2829 ismeretes‚
1619 2789 1668 2823 de
1700 2788 1871 2832 Caligari
1903 2790 1970 2835 pk.

275 2840 583 2887 lengyelorszagi
601 2844 794 2878 nunczius
818 2846 908 2889 1581
933 2845 1128 2880 marczius
1152 2845 1311 2890 13-ikan
1330 2849 1512 2881 mutatta
1530 2847 1579 2881 be
1600 2846 1742 2881 Istvan
1761 2847 1974 2892 kiralynak

275 2897 495 2939 Vars6ban,
515 2910 540 2934 a
558 2900 673 2935 mirol
686 2911 816 2947 aznap
833 2901 887 2936 irt
905 2903 1108 2938 leveleben
1126 2903 1192 2949 igy
1211 2903 1430 2938 emlekezik
1449 2914 1538 2949 meg
1554 2917 1562 2938 ε
1584 2903 1649 2938 Gli
1667 2904 1720 2938 ho
1738 2908 1971 2950 presentato
1984 2909 2020 2938 35

277 2957 303 2991 11
325 2957 444 3002 foglio
466 2961 674 3005 stampato
696 2961 760 2995 del
782 2961 977 3008 principio
1000 2963 1092 2997 delli
1113 2963 1239 2998 studii
1261 2964 1326 2998 del
1347 2963 1511 3009 collegio
1533 2964 1575 2998 di
1597 2964 1798 3005 Colosvar,
1822 2965 1895 3000 che
1918 2965 1971 3010 gli

276 3015 297 3047 ὲ
316 3018 426 3051 stato
445 3018 686 3062 gratissimo,
707 3022 749 3054 et
769 3020 823 3054 mi
844 3021 897 3055 ha
915 3021 1154 3056 confirmato
1173 3022 1213 3057 la
1231 3024 1342 3057 terza
1361 3023 1487 3064 volta,
1505 3022 1577 3057 che
1596 3023 1662 3057 vol
1681 3021 1766 3057 fare
1786 3022 1854 3058 un’
1867 3024 1972 3059 altro

276 3074 438 3119 collegio
460 3075 502 3110 in
525 3076 640 3122 Riga.
667 3077 858 3121 (Eredeti‚
882 3079 1010 3116 romai
1031 3080 1216 3116 vatikani
1238 3080 1406 3116 leveltar
1430 3081 1700 3117 »Nunziatura
1722 3082 1763 3117 di
1785 3082 1971 3118 Poloniae

281 3132 335 3165 18.
360 3132 444 3167 kot.
467 3142 524 3177 54.
549 3134 593 3178 l.)
