2188 3535
333 200 406 231 204
1096 182 1173 217 No·
1199 183 1248 218 68
1675 183 1787 227 [1581
1823 183 1930 217 decz.
1971 193 2017 219 10

330 307 397 345 teli
425 319 525 357 meg,
555 318 656 356 vagy
683 302 803 355 pedig
831 301 878 351 ὑφ’
906 299 1127 350 unnepeket
1155 298 1252 338 taldl
1281 299 1335 338 ki.
1366 300 1402 338 A
1429 297 1645 352 kollbgium
1674 299 1789 340 k-telsb
1816 300 1953 352 agyeit
1980 299 2018 340 is

330 366 480 404 rosszzil
514 364 642 408 vezeti,
678 375 701 400 a
735 358 1023 410 jobba'gyokkal
1056 370 1145 409 meg
1179 358 1243 408 oly
1277 358 1524 410 kegyetlem'c'l
1558 360 1694 406 ba‘nik,
1729 359 1833 399 mint
1866 359 2019 398 valami

329 425 437 463 t6r6k
455 420 764 472 rabszolgdkkal,
784 418 841 457 so”t
859 414 1051 456 ra‘ada‘szzl
1069 418 1156 468 meig
1173 418 1376 468 tdrve‘nyes
1394 419 1587 470 addjukat
1603 420 1641 458 is
1656 419 1841 469 selemeli,
1860 431 1884 457 a
1902 415 2018 458 micirt

329 483 524 521 dltala‘nos
553 494 598 518 az
625 476 857 518 elkeseredeis
885 489 909 514 a
936 476 1133 526 jezsuita'k
1161 477 1276 516 miatt
1303 490 1322 516 s
1350 479 1439 516 ma‘r
1467 491 1490 516 a
1517 478 1718 529 sejedelmi
1746 477 1953 517 udvarban
1980 477 2018 516 is

328 541 427 579 errc'il
451 538 658 578 beszeflnek.
683 536 707 574 I
712 548 762 586 gy
786 548 810 573 a
835 534 976 585 dolgok
1000 547 1090 573 nem
1115 536 1409 575 maradhatnak
1432 537 1568 576 tova‘bb
1593 550 1612 576 s
1636 550 1660 576 a
1687 534 1902 588 kolle‘gium
1926 549 2018 576 nem
2050 547 2069 576 5

326 600 391 649 sog
416 598 537 648 addig
558 595 741 646 sejlddni,
766 594 851 645 mig
874 606 1043 644 magyar
1065 594 1193 633 rektor
1216 608 1306 634 nem
1334 595 1445 635 keric'l
1469 596 1578 635 ἑίἑνε.

457 687 716 731 Admodum
746 686 1009 729 Reverende
1036 686 1083 728 in
1112 687 1288 730 Christo
1318 689 1465 731 Pater.
1498 689 1594 731 Pax
1626 687 1803 732 Christi.

457 759 594 802 Binas
637 759 721 799 hoc
765 771 884 799 anno
929 757 1037 810 1581
1082 757 1142 799 ad
1171 758 1316 801 Tuam
1348 760 1402 802 R.
1436 758 1531 802 Ptem
1573 774 1651 815 per
1687 761 1734 802 P.
1781 759 2019 802 Bartholo-

329 844 506 873 maeum
536 829 827 871 Sfondratam
855 827 958 869 dedi
989 827 1142 870 literas
1163 828 1367 884 scriptas,
1386 842 1453 872 22.
1472 830 1697 886 Augusti1
1725 836 1770 872 et
1801 830 2019 873 Kalendis

328 899 665 956 Septembrisz2
709 899 754 940 in
801 898 965 954 quibus
1006 898 1185 953 copiose
1230 900 1376 942 Tuam
1411 895 1526 944 Rtiam
1559 901 1795 944 certiorem
1827 900 2016 951 reddidi,
2033 915 2069 942 10

328 977 422 1014 tarn
450 971 505 1013 de
531 971 664 1012 rebus
690 969 854 1012 nostris
882 969 1153 1019 domesticis,
1183 984 1322 1026 quam
1349 971 1404 1013 de
1431 972 1642 1022 externis,
1671 986 1787 1028 quae
1814 972 1874 1015 ad
1899 971 2018 1014 aedi-

326 1042 582 1085 ficationem
633 1046 835 1096 spectare
886 1039 1174 1083 videbantur.
1229 1041 1375 1092 Nune,
1428 1042 1536 1098 quia
1586 1048 1767 1099 tempus
1818 1042 2019 1086 vicinum

326 1119 407 1163 est,
436 1127 526 1169 quo
552 1111 748 1155 vicissim
774 1111 904 1153 iuxta
938 1111 1113 1166 regulas
1138 1116 1347 1154 tenemur
1371 1113 1432 1155 ad
1455 1114 1601 1156 Tuam
1641 1109 1754 1157 R¹³³¹¹²
1793 1114 1848 1156 de
1886 1114 2019 1156 rebus

326 1184 491 1227 nostris
524 1182 780 1225 domesticis
812 1182 965 1224 literas
1011 1182 1118 1225 dare
1163 1187 1208 1225 et
1259 1183 1392 1226 simul
1425 1184 1565 1227 etiam
1597 1185 1844 1228 fidelissimi
1877 1184 2018 1227 tabel-

325 1255 422 1297 larii
447 1254 575 1310 copia
599 1253 707 1296 mihi
732 1267 825 1295 sese
849 1253 1030 1304 obtulit,
1070 1267 1168 1296 cras
1192 1253 1312 1296 enim
1337 1255 1561 1311 Ragusius
1585 1255 1772 1312 quidam
1796 1260 2020 1298 mercator
2033 1269 2069 1297 15

327 1326 484 1375 Italus,
505 1325 712 1367 dominus
727 1324 984 1366 Ludovicus
997 1324 1154 1375 Italus,
1170 1329 1294 1367 recta
1308 1326 1631 1369 Temesvarum
1644 1327 1703 1369 ad
1718 1328 1767 1370 P.
1782 1326 2019 1370 Bartholo-

326 1411 506 1439 maeum
539 1395 828 1438 Sfondratam
858 1399 925 1437 est
953 1395 1251 1450 profecturus,
1282 1410 1422 1452 quare
1450 1397 1561 1439 nihil
1591 1398 1765 1448 dubito,
1797 1397 1907 1454 quin
1934 1398 2020 1440 hae

326 1467 481 1510 literae
531 1473 575 1509 et
626 1480 790 1516 secure,
831 1471 875 1508 et
926 1466 1128 1508 celeriter
1165 1467 1224 1509 ad
1260 1468 1406 1510 Tuam
1445 1463 1561 1511 Rtiam
1597 1469 1894 1525 perferantur.
1935 1467 2020 1510 His

326 1538 462 1593 igitur
506 1538 559 1580 de
604 1537 748 1580 causis
784 1536 923 1579 malui
968 1537 1216 1594 anticipare
1261 1538 1434 1595 aliquot
1478 1539 1776 1582 hebdomadis
1819 1545 2015 1595 tempus,

326 1623 463 1665 quam
490 1614 770 1664 postponere.
2032 1623 2069 1651 20

457 1679 727 1735 Scripseram
761 1679 807 1720 in
840 1678 926 1721 illis
953 1679 1177 1735 prioribus
1209 1679 1350 1722 literis
1383 1681 1438 1723 de
1471 1682 1697 1737 superiore
1730 1686 1775 1724 et
1809 1695 1925 1738 quae
1959 1696 2014 1724 ex

326 1750 442 1793 illius
474 1751 593 1793 malo
627 1750 839 1806 regimine
872 1755 1095 1806 prognata
1129 1756 1276 1793 essent
1310 1751 1675 1795 inconvenientia
1709 1757 1753 1795 et
1787 1752 2013 1795 scandala.

327 1822 456 1863 Nunc
488 1821 563 1864 illa
594 1821 746 1864 omnia
777 1821 925 1863 adhuc
957 1827 1144 1864 manent
1177 1827 1222 1864 et
1254 1822 1384 1878 longe
1416 1823 1588 1866 maiora
1620 1828 1726 1865 sunt
1758 1824 2013 1866 subsecuta.

327 1893 408 1934 Est
425 1892 543 1934 enim
560 1894 708 1941 homo,
726 1892 796 1934 cui
818 1907 1054 1948 nunquam
1075 1893 1266 1935 similem
1289 1893 1404 1936 vidit
1427 1894 1627 1937 Societas
1647 1900 1815 1937 nostra.
1839 1894 2017 1937 Nullius

326 1963 471 2005 utitur
507 1963 702 2012 consilio,
742 1978 822 2005 nec
860 1968 956 2006 tam
994 1963 1182 2014 ratione,
1222 1979 1361 2020 quam
1397 1965 1573 2021 impetu
1610 1970 1800 2008 naturae
1836 1965 2066 2008 videtur25

326 2034 408 2089 agi.
435 2034 659 2090 Quicquid
681 2035 993 2090 apprehendit,
1012 2035 1106 2077 sive
1128 2035 1240 2077 illud
1262 2036 1482 2086 aedificet,
1507 2037 1601 2080 sive
1623 2051 1727 2086 non,
1752 2037 1800 2079 id
1821 2041 2015 2092 oportet,

326 2110 375 2146 ut
413 2105 560 2147 miseri
596 2105 765 2148 subditi
796 2111 1092 2162 exequantur.
1118 2107 1178 2148 Et
1201 2106 1308 2162 quia
1344 2107 1482 2150 habet
1520 2122 1688 2163 vagum
1725 2112 1770 2150 et
1807 2107 2018 2150 instabile

325 2175 565 2231 ingenium,
609 2177 754 2219 multa
786 2182 830 2218 et
860 2176 987 2219 varia
1019 2177 1212 2219 durante
1243 2178 1341 2233 ipso
1369 2177 1545 2234 impetu
1573 2178 1804 2234 inceperit,
1834 2178 1914 2221 sed
1941 2178 2016 2220 illo

325 2246 538 2296 extincto,
574 2247 731 2290 statim
764 2262 791 2290 a
823 2253 984 2304 coepto
1017 2248 1208 2291 desistit.
1244 2249 1304 2291 Et
1337 2249 1491 2292 omnia
1522 2264 1604 2292 sua
1635 2264 1772 2306 opera
1803 2249 2016 2305 relinquit

326 2317 599 2372 imperfecta.
638 2319 692 2360 In
726 2318 904 2374 signum
937 2318 1071 2361 huius
1105 2319 1253 2361 adhuc
1288 2320 1495 2363 cubicula
1528 2320 1735 2371 fratrum,
1771 2320 1818 2362 in
1851 2320 2016 2376 quibus
2029 2330 2067 2358 3⁰

326 2387 568 2438 dormiunt,
605 2389 753 2431 adhuc
788 2394 974 2432 manent
1010 2394 1182 2445 aperta,
1219 2405 1299 2433 nec
1335 2391 1456 2441 foris,
1493 2405 1574 2434 nec
1599 2391 1723 2434 intus
1744 2391 1893 2434 claudi
1914 2405 2013 2446 pos-

327 2464 429 2500 sunt
448 2473 456 2509 ;
493 2459 538 2501 in
561 2460 731 2502 fabrica
753 2460 968 2516 quicquid
1004 2461 1124 2511 fecit,
1162 2461 1315 2504 omnia
1337 2467 1442 2504 sunt
1465 2461 1731 2518 imperfecta
1752 2466 1797 2504 et
1819 2462 2012 2504 ruinosa.

328 2528 467 2571 Certis
500 2531 778 2586 temporibus
812 2531 937 2573 venit
971 2531 1034 2573 illi
1068 2532 1265 2575 fantasia
1290 2532 1486 2583 videndi,
1511 2533 1739 2589 quomodo
1767 2532 2013 2588 procedant

330 2597 486 2640 fratres
516 2600 561 2642 in
591 2601 682 2644 suis
712 2602 870 2644 officiis
900 2607 945 2645 et
977 2616 1035 2644 an
1066 2608 1381 2646 servent-suas
1411 2604 1598 2659 regulas.
1633 2605 1693 2647 Et
1725 2608 1834 2646 tunc
1862 2602 2014 2645 multi-

330 2668 463 2722 plicat
496 2670 597 2712 hinc
629 2672 732 2714 inde
764 2672 1080 2727 poenitentias,
1116 2673 1181 2716 ita
1212 2678 1264 2716 ut
1296 2674 1508 2717 videatur
1528 2675 1642 2717 velle
1663 2678 1863 2717 evertere
1884 2673 2014 2716 colle-
2027 2685 2065 2713 35

329 2738 463 2792 gium.
506 2741 713 2784 Cessante
752 2743 826 2785 illo
865 2744 1053 2799 impetu,
1111 2744 1386 2800 conquiescit
1427 2750 1471 2787 et
1510 2759 1590 2800 per
1627 2745 1799 2801 aliquot
1839 2758 2014 2787 menses

330 2808 436 2850 nihil
452 2817 590 2861 curat,
607 2814 831 2867 quomodo
845 2815 1092 2869 procedant
1108 2815 1281 2864 fratres,
1293 2815 1386 2858 sive
1401 2820 1580 2858 servent
1595 2816 1783 2871 regulas,
1800 2814 1894 2858 sive
1907 2829 2010 2857 non.

461 2881 746 2925 Praecedenti
772 2891 946 2927 aestate
971 2899 1050 2940 per
1075 2885 1248 2941 aliquot
1274 2900 1449 2928 menses
1473 2886 1622 2928 nullae
1647 2886 1829 2928 fuerunt
1855 2887 2013 2928 exhor-

332 2949 536 2992 tationes.
577 2953 725 2995 Mense
763 2955 947 2997 Octobri
986 2956 1176 3011 arreptis
1213 2956 1375 3012 regulis
1412 2956 1559 3012 coepit
1597 2970 1672 2999 eas
1709 2957 1931 3012 explicare
1968 2961 2014 2999 et

460 3084 469 3103 ¹
500 3083 745 3120 Tollhibe‘ibol
775 3088 866 3133 igy:
900 3099 959 3133 23.
991 3091 1043 3124 ld.
1078 3092 1136 3134 58.
1168 3100 1221 3124 52.
1254 3101 1289 3124 a.
1320 3090 1576 3135 szovegeben.
2027 3105 2065 3132 40

457 3141 470 3160 ²
500 3140 553 3173 ΕΖ
585 3152 670 3186 meg
703 3153 761 3187 59.
789 3156 841 3181 sz.
871 3158 905 3181 a.
929 3148 1129 3192 jelentese.
