2188 3535
309 155 380 191 128
1072 153 1145 188 No.
1180 164 1231 198 49
1668 155 1780 200 [1581
1817 154 1911 199 maj.
1953 166 1993 192 12

301 272 404 314 hinc
441 271 705 314 intermissis
739 270 939 313 honestis
989 270 1141 320 literis,
1194 271 1312 313 inter
1346 270 1551 313 homines
1587 271 1772 314 militari
1808 272 1996 315 scientia

301 343 491 391 deditos,
522 342 660 384 etiarn
687 341 871 396 pietatis
899 341 1051 383 studia
1078 340 1348 383 refrixerunt
1376 347 1421 383 et
1449 341 1595 384 omnis
1622 341 1746 384 vitae
1773 343 1997 398 elegantia

298 413 481 454 sublata
510 417 590 454 est.
631 412 948 466 Quamobrem,
981 416 1033 453 ut
1063 417 1108 454 et
1140 413 1249 461 Deo,
1282 417 1327 454 et
1357 412 1616 454 hominibus
1646 412 1824 462 vixisse,
1857 418 1996 469 atque

301 483 413 524 adeo
434 482 488 524 de
508 481 775 537 posteritate
796 482 909 523 bene
935 482 1084 524 meriti
1116 482 1277 525 merito
1298 482 1567 532 videremur,
1590 496 1645 525 ex
1666 488 1789 525 certa
1808 483 1997 526 scientia

300 558 343 594 et
372 553 516 594 multa
542 551 864 594 deliberatione
890 558 1058 602 nostra,
1087 566 1191 596 curn
1217 553 1487 596 Beatissimo
1513 553 1559 595 in
1586 553 1763 596 Christo
1790 554 1925 596 Patre
1951 559 1995 596 et
2026 564 2043 591 5

297 621 506 670 Domino,
540 621 724 663 domino
758 622 972 678 Gregorio
1012 624 1138 679 Papa
1164 624 1489 673 decimotertio,
1527 623 1746 666 Pontifice
1780 624 1994 673 Maximo,

299 698 342 733 et
370 691 677 734 Illustrissimo
702 692 903 748 principe
929 693 1112 736 domino
1139 695 1460 750 Christophoro
1485 695 1693 750 Bathory
1717 694 1772 736 de
1797 695 1994 751 Somlyo,

298 761 494 804 vaivoda
515 762 638 817 regni
654 763 1009 819 Transylvaniae
1032 770 1076 806 et
1098 765 1348 807 Siculorum
1371 765 1535 808 comite
1558 770 1659 815 etc„
1678 765 1816 807 fratre
1841 770 1996 808 nostro

297 832 558 874 charissimo
577 834 912 877 communicato
930 835 1128 885 consilio,
1162 836 1341 891 scriptis
1357 841 1591 891 praeterea
1608 835 1667 878 ad
1683 836 1996 879 Venerabilem

295 908 473 959 patrem
502 904 798 947 Laurentium
824 906 1038 961 Magium,
1063 906 1224 949 Sacrae
1246 907 1515 962 Theologiae
1538 906 1783 956 doctorem,
1810 907 2044 950 Provin-10

295 973 453 1016 cialem
487 974 725 1017 Societatis
758 976 868 1030 Jesu
902 991 981 1032 per
1014 977 1281 1019 Bohemiam
1314 983 1359 1019 et
1393 977 1626 1019 Austriam
1658 977 1811 1027 literis,
1847 978 1996 1020 visum

295 1049 362 1086 est
394 1045 687 1100 Claudiopoli,
720 1047 830 1089 alias
861 1048 1087 1097 Colosvar,
1119 1048 1475 1104 Transylvaniae
1505 1049 1629 1097 urbe,
1661 1048 1707 1090 in
1737 1048 1996 1104 provinciae

296 1114 447 1157 limine
474 1115 563 1157 sita
589 1120 633 1157 et
660 1117 897 1160 hominum
924 1119 1054 1161 aditu
1081 1133 1136 1161 ex
1165 1119 1414 1174 Hungaria,
1445 1119 1644 1168 Polonia,
1675 1119 1863 1175 aliisque
1888 1119 1997 1162 locis

296 1185 535 1241 frequenti,
579 1187 815 1243 collegium
856 1189 1095 1232 Societatis
1136 1190 1246 1244 Jesu
1287 1190 1536 1232 instituere.
1588 1190 1689 1245 Qua
1729 1190 1784 1232 de
1825 1190 1997 1232 familia

297 1255 536 1298 Societatis
559 1257 669 1311 Jesu
693 1273 744 1301 eo
768 1259 1056 1314 potissimum
1079 1260 1260 1303 nomine
1284 1265 1495 1316 suscepta
1518 1260 1648 1303 nobis
1672 1265 1739 1303 est
1763 1261 1993 1316 cogitatio,
2010 1271 2044 1298 15

297 1326 420 1381 quod
441 1332 663 1370 testatum
683 1329 774 1371 iam
795 1330 870 1372 illa
891 1331 1015 1386 apud
1034 1345 1190 1373 omnes
1211 1331 1301 1373 fere
1323 1332 1514 1387 populos
1534 1331 1803 1374 christianos
1824 1331 1993 1382 fecerit,

296 1396 351 1438 de
391 1410 472 1439 suo
512 1399 754 1453 praeclaro,
797 1401 988 1457 utilique
1028 1402 1075 1443 in
1115 1402 1299 1444 ecclesia
1339 1407 1384 1444 et
1425 1402 1656 1458 republica
1695 1402 1909 1445 instituto
1950 1407 1994 1445 et

296 1481 493 1517 munere,
515 1483 605 1524 quo
623 1483 678 1512 ex
697 1472 974 1527 praescripto
993 1472 1161 1514 ordinis
1180 1473 1261 1522 sui,
1282 1479 1380 1515 tam
1398 1472 1541 1522 bonis,
1561 1473 1995 1529 humanioribusque

297 1537 437 1580 literis
477 1552 528 1581 ac
568 1539 813 1596 disciplinis
853 1543 1075 1593 omnibus,
1119 1557 1257 1599 quam
1297 1543 1498 1586 moribus
1537 1544 1667 1586 bonis
1706 1544 1995 1587 iuventutem

295 1607 495 1651 imbuere
517 1614 561 1651 et
584 1612 772 1662 erudire,
790 1618 834 1654 et
851 1618 948 1655 tam
970 1614 1015 1656 in
1037 1615 1234 1664 ecclesia,
1260 1628 1398 1670 quam
1419 1615 1594 1664 scholis,
1613 1614 1698 1670 piis
1719 1615 1992 1664 ministeriis,
2008 1625 2042 1652 20

296 1679 561 1735 studiisque,
587 1682 751 1736 quibus
774 1684 954 1726 assiduo
977 1684 1070 1727 eius
1094 1685 1332 1727 Societatis
1354 1690 1506 1740 patres
1528 1685 1787 1728 incumbere
1810 1686 1990 1735 debent,

294 1749 576 1804 ingeniorum
613 1753 756 1795 cultui
793 1768 845 1796 ac
883 1756 1138 1798 animarum
1175 1756 1312 1798 saluti
1350 1756 1531 1798 studere
1569 1761 1795 1798 tenentur.
1836 1758 1901 1799 Ac
1938 1771 1994 1799 ne

295 1820 428 1862 huius
459 1822 630 1864 consilii
661 1823 848 1875 fructus,
882 1826 1076 1868 subditis
1108 1827 1273 1869 nostris
1303 1827 1682 1882 Transylvanicis,
1716 1827 1994 1884 caeterisque

296 1890 454 1933 vicinis
482 1892 589 1935 locis
617 1894 788 1937 diutius
816 1896 1067 1946 deberetur,
1098 1897 1209 1939 nihil
1238 1897 1368 1939 nobis
1390 1897 1513 1953 prius
1536 1898 1814 1953 putavimus,
1838 1912 1990 1954 quam,

294 1966 346 2002 ut
379 1962 450 2004 vel
481 1963 540 2005 ad
569 1964 719 2020 ipsum
750 1966 919 2010 bellum
950 1968 1115 2010 abhinc
1146 1968 1379 2010 biennium
1411 1968 1631 2024 procincti
1662 1973 1707 2011 et
1739 1969 1830 2012 iam
1860 1969 2040 2012 Vilna25

294 2032 404 2073 urbe
430 2039 585 2076 nostra
611 2036 779 2086 relicta,
809 2052 964 2080 versus
992 2039 1221 2081 Polociam
1247 2053 1351 2082 cum
1377 2039 1579 2082 exercitu
1604 2044 1759 2082 nostro
1785 2039 1990 2096 profecti,

294 2101 607 2148 Venerabilem
652 2107 759 2149 olim
804 2114 983 2164 patrem
1029 2110 1319 2153 Franciscum
1365 2110 1634 2160 Sunierium,
1682 2125 1761 2167 per
1805 2125 1994 2166 regnum

294 2178 501 2216 nostrum
537 2177 749 2220 Poloniae
786 2179 1025 2222 Societatis
1047 2181 1157 2235 Jesu
1194 2181 1536 2231 Provincialem,
1575 2181 1621 2223 in
1653 2187 1803 2225 castra
1837 2187 1994 2224 nostra

293 2256 583 2288 evocaremus
611 2253 655 2289 et
685 2263 789 2292 cum
817 2265 868 2293 eo
898 2251 953 2294 de
981 2251 1217 2294 mittendis
1247 2257 1435 2307 sumptu
1463 2257 1618 2295 nostro
1646 2253 1693 2294 in
1720 2253 1992 2309 Transylva-

292 2314 415 2357 niam
448 2329 503 2358 ex
536 2318 761 2363 Societate
793 2321 903 2375 Jesu
936 2323 1110 2378 aliquot
1143 2323 1289 2366 doctis
1321 2323 1429 2366 viris
1461 2337 1706 2379 ageremus,
1741 2325 1866 2380 quod
1896 2324 1992 2380 ipse
2004 2336 2040 2364 30

292 2398 372 2439 pro
396 2399 476 2428 suo
500 2389 652 2432 studio
676 2405 780 2447 erga
802 2393 1129 2449 rempublicam
1153 2394 1447 2436 christianam
1470 2394 1699 2437 nonmodo
1723 2409 1991 2450 promoven-

293 2454 402 2498 dum
427 2460 637 2515 suscepit,
666 2462 745 2504 sed
770 2463 910 2506 etiam
935 2478 981 2506 se
1007 2464 1182 2521 aliquos
1207 2479 1263 2507 ex
1289 2465 1515 2507 Societate
1541 2465 1587 2508 in
1612 2466 1990 2522 Transylvaniam

292 2525 566 2571 deducturos
593 2533 761 2588 recepit
782 2548 791 2584 ;
822 2549 961 2590 quam
988 2535 1173 2591 quidem
1201 2536 1489 2579 voluntatem
1516 2541 1720 2579 nostram
1747 2537 1989 2592 paulopost

296 2596 421 2649 (dum
442 2613 523 2641 nos
544 2601 725 2646 obsessa
746 2618 846 2647 arce
869 2606 1114 2656 Polocensi,
1138 2607 1184 2648 in
1205 2621 1258 2649 ea
1278 2607 1586 2662 recuperanda
1607 2621 1634 2649 a
1655 2608 1838 2650 Moscho
1859 2608 1989 2650 hoste

292 2672 460 2718 nostro,
486 2672 727 2729 magnique
752 2675 946 2719 ducatus
969 2677 1112 2720 nostri
1137 2677 1408 2720 Lithuaniae
1431 2678 1752 2733 laboraremus)
1782 2678 1989 2721 deductis
2003 2690 2038 2717 35

292 2736 530 2783 duodecim
582 2744 653 2785 vel
690 2759 742 2787 eo
780 2747 974 2802 amplius
1011 2748 1072 2790 ad
1109 2748 1363 2791 docendum
1401 2748 1623 2790 interioris
1673 2749 1906 2792 doctrinae
1943 2754 1988 2791 et

291 2807 475 2862 pietatis
497 2811 616 2862 viris,
641 2816 719 2871 qui
740 2816 787 2859 in
808 2817 941 2860 vinea
958 2819 1141 2861 Domini
1163 2833 1266 2862 cum
1289 2818 1440 2861 fructu
1459 2825 1766 2875 operarentur,
1784 2819 1985 2875 perfecit,

292 2878 475 2922 minime
524 2882 857 2942 longinquitate
906 2888 1092 2939 itineris,
1145 2890 1290 2932 multo
1340 2889 1490 2931 minus
1539 2890 1665 2932 vario
1716 2889 1985 2942 discrimine,

292 2950 363 2991 cui
382 2951 586 2995 homines
604 2954 833 3001 interdum
852 2960 1189 3016 peregrinantes
1208 2965 1314 3002 sunt
1334 2960 1531 3010 obnoxii,
1555 2960 1810 3003 deterritus.
1839 2962 1988 3018 Quare

292 3033 372 3063 nos
389 3028 596 3078 respectu
613 3031 658 3067 et
676 3041 811 3071 causa
827 3029 958 3073 istius
974 3031 1172 3073 muneris
1189 3030 1447 3087 praedictae
1465 3031 1704 3074 Societatis
1721 3031 1844 3086 Jesu,
1864 3032 1989 3088 quod
2000 3043 2035 3070 40

289 3104 345 3133 ex
376 3093 545 3136 ordinis
575 3096 644 3138 sui
673 3098 846 3154 legibus
876 3106 922 3142 et
953 3101 1190 3151 institutis,
1224 3115 1328 3144 cum
1358 3100 1498 3144 literis
1529 3101 1865 3159 disciplinisque
1895 3108 1986 3146 tra-
