2188 3535
329 215 397 251 188
1093 207 1168 241 No.
1198 214 1246 250 59
1686 202 1798 245 [1581
1835 199 1958 243 szept.
1997 206 2011 232 1

325 345 407 374 nec
427 345 507 374 nos
527 331 612 372 illis
644 327 820 371 molesti
839 340 994 368 sumus
1014 340 1022 375 ;
1044 329 1364 381 praeterquam
1383 337 1486 365 curn
1505 320 1805 376 Evangelium
1823 320 2016 363 occasio-

324 416 427 444 nem
458 402 643 457 praebet
676 396 951 454 digrediendi
981 401 1140 438 contra
1170 395 1367 451 aliquem
1397 408 1554 437 eorum
1584 405 1790 435 errorem.
1825 391 2015 434 Utinam

324 476 368 514 et
410 474 581 514 Rornae
619 483 721 511 cum
760 468 927 510 talibus
965 467 1117 522 potius
1153 466 1424 515 hominibus,
1465 478 1604 521 quam
1642 477 1746 504 curn
1783 462 2016 505 monachis
2074 486 2076 488 ·

322 542 452 584 nobis
490 546 718 582 certamen
757 537 1045 593 contigisset:
1087 537 1237 580 minus
1274 541 1462 579 cruenta
1498 540 1655 577 nostra
1691 533 1767 575 illa
1805 535 2015 576 Romana

324 611 512 653 victoria
546 610 716 652 fuisset.
756 609 843 652 Sed
876 609 968 650 iam
1002 614 1184 664 tempus
1218 623 1386 664 equum
1420 605 1647 649 fumantia
1681 605 1852 647 solvere
1886 604 2012 647 colla.
2047 614 2069 642 5

456 681 622 730 Habes,
664 681 800 722 Pater
833 680 1082 722 admodum
1116 679 1379 722 Reverende
1412 678 1636 721 rationem
1668 675 1811 718 nostri
1843 675 2016 718 itineris

322 752 604 807 expositam;
639 751 750 793 item
784 765 897 807 quas
929 751 976 792 in
1008 752 1092 793 hoc
1125 765 1261 806 regno
1294 749 1595 806 possessiones
1628 745 1828 789 Societas
1860 751 2017 789 nostra

323 823 521 873 habeat;
561 822 661 878 quis
698 827 931 878 praeterea
967 822 1039 871 sit,
1080 836 1343 878 semperque
1381 820 1515 863 fuerit
1552 818 1808 874 principum
1845 818 2016 861 Batho-

321 907 498 935 reorum
537 908 641 949 erga
678 907 759 936 nos
798 893 988 943 animus,
1029 898 1203 949 quanta
1239 892 1373 934 huius
1411 891 1566 948 populi
1604 890 1662 932 sit
1701 890 1760 932 ad
1796 889 2016 946 pietatem

320 969 364 1006 et
394 964 652 1020 religionem
681 964 952 1007 catholicam
981 964 1220 1020 propensio
1249 968 1294 1006 et
1325 963 1403 1019 qui
1431 964 1516 1005 hoc
1545 960 1726 1004 biennio
1756 965 2015 1003 nostrorum
2030 969 2068 997 1⁰

320 1040 504 1091 patrum
535 1050 684 1092 opera,
719 1050 774 1078 ex
805 1037 903 1085 hac,
937 1035 1148 1092 sylvestri
1179 1035 1313 1078 vinea
1344 1034 1512 1076 fuerint
1544 1033 1719 1075 fructus
1759 1031 2015 1088 spirituales

322 1106 368 1147 in
400 1107 611 1149 horreum
644 1107 827 1149 Domini
860 1107 1062 1157 collecti;
1098 1111 1143 1149 et
1177 1111 1350 1162 quanto
1384 1105 1594 1161 deinceps
1626 1104 1817 1146 maiores
1849 1102 2017 1159 sperari

317 1177 491 1233 possint
513 1191 520 1220 :
552 1192 668 1234 quae
700 1183 928 1234 postremo
955 1179 1160 1220 haereses
1187 1178 1233 1219 in
1260 1178 1345 1219 hoe
1372 1190 1509 1233 regno
1537 1180 1824 1232 grassentur:
1856 1179 2015 1217 contra

318 1262 431 1304 quas
471 1249 687 1292 continua
727 1249 856 1291 nobis
896 1263 1049 1304 pugna
1088 1249 1324 1291 incumbit.
1369 1249 1500 1290 Nunc
1542 1249 1667 1291 Tuae
1708 1247 1762 1289 R.
1807 1240 1883 1289 Ptis
1931 1249 2013 1294 est,

317 1333 400 1361 nos
432 1321 529 1362 Deo
561 1320 607 1361 in
639 1319 730 1362 suis
762 1325 807 1362 et
840 1320 982 1362 totius
1015 1320 1253 1362 Societatis
1285 1319 1566 1362 orationibus
1598 1317 1928 1366 commendare,
1962 1320 2015 1358 ut
2031 1324 2067 1352 15

315 1390 542 1433 uberiores
577 1391 786 1446 deinceps
820 1391 994 1433 fructus
1027 1391 1224 1447 proferre
1259 1396 1303 1433 et
1339 1390 1527 1433 feliciter
1577 1404 1759 1432 cursum
1807 1393 2015 1431 nostrum

324 1474 588 1504 consumare
616 1462 850 1518 possimus.
882 1463 1004 1504 Vale.

452 1533 512 1575 Et
533 1533 641 1588 quia
655 1547 745 1575 non
760 1533 871 1575 mihi
890 1538 1025 1576 vacat
1041 1534 1251 1576 omnibus
1270 1532 1477 1588 patribus
1496 1537 1540 1575 et
1561 1532 1778 1574 fratribus
1797 1530 2016 1574 Romanis

320 1603 504 1646 seorsim
542 1604 745 1653 scribere,
784 1605 895 1646 haec
932 1604 989 1646 sit
1027 1604 1279 1646 communis
1316 1603 1526 1646 omnibus
1563 1603 1754 1659 epistola
1774 1617 1783 1653 ;
1823 1607 1867 1645 et
1905 1615 2015 1657 pace

317 1674 439 1716 Tuae
478 1676 532 1717 R.
575 1670 649 1717 Ptis
695 1675 842 1718 saluto
879 1675 925 1717 in
963 1675 1118 1731 primis
1155 1689 1311 1718 omnes
1348 1679 1500 1730 patres
1536 1689 1660 1717 meos
1716 1673 2012 1722 charissimos,
2029 1680 2065 1707 2⁰

317 1745 394 1801 qui
422 1751 527 1787 sunt
556 1746 601 1788 in
630 1746 764 1788 domo
800 1746 1016 1802 professa,
1060 1761 1163 1788 cum
1204 1746 1404 1801 antiquis
1439 1746 1607 1795 amicis,
1638 1750 1767 1801 patre
1793 1744 2014 1787 Turriano

317 1821 361 1858 et
389 1821 518 1872 patre
547 1817 800 1868 Friderico;
831 1817 991 1860 deinde
1023 1817 1197 1860 felicem
1229 1817 1484 1860 studiorum
1499 1816 1702 1859 omnium
1730 1829 2013 1872 progressum

322 1887 452 1942 cupio
480 1888 690 1930 omnibus
717 1888 924 1944 patribus
951 1893 996 1931 et
1025 1889 1241 1931 fratribus
1269 1888 1465 1930 Romani
1494 1887 1687 1944 Collegii,
1716 1892 2013 1942 nostrumque

319 1958 537 2001 Parrham
570 1973 711 2001 annos
745 1959 973 2002 cornicum
1006 1965 1050 2002 et
1084 1973 1320 2002 cervorum
1353 1973 1563 2015 superare
1596 1959 1740 2015 cupio.
1777 1960 2012 2002 Postremo

317 2028 447 2071 sociis
474 2029 561 2072 mei
588 2030 753 2072 laboris
780 2031 986 2086 patribus
1013 2030 1371 2086 poenitentiariis
1398 2030 1552 2073 omnia
1579 2030 1732 2073 fausta
1771 2044 1823 2072 ac
1866 2028 2063 2072 feliciam

319 2099 520 2142 desidero
560 2106 604 2142 et
644 2115 834 2144 messem
873 2101 1227 2157 copiosissimam
1266 2115 1450 2157 precor:
1492 2101 1610 2144 inter
1648 2116 1761 2157 quos
1799 2101 2013 2144 Gibertus

317 2175 470 2213 noster
501 2176 684 2214 aeterna
716 2172 933 2215 memoria
965 2173 1023 2215 sit
1056 2173 1230 2229 dignus,
1265 2172 1344 2228 qui
1375 2172 1518 2215 nostri
1548 2172 1621 2215 hic
1653 2173 1700 2215 in
1731 2172 1862 2215 exilio
1894 2171 2013 2213 inter

319 2241 478 2284 densas
506 2243 659 2298 sylvas
687 2244 938 2293 constituti,
969 2258 1061 2286 non
1089 2249 1156 2287 est
1185 2244 1366 2294 oblitus,
1397 2244 1477 2286 sed
1504 2257 1584 2286 suo
1612 2244 1879 2286 munusculo
1907 2242 2011 2286 visi-

318 2317 413 2355 tare
448 2313 661 2369 dignatus
695 2319 790 2357 est:
829 2315 990 2358 reddat
1023 2315 1086 2356 illi
1121 2316 1244 2358 Deus
1278 2329 1359 2371 pro
1392 2329 1484 2357 uno
1519 2329 1644 2357 cereo
1678 2329 1794 2371 agno
1829 2318 2013 2357 centum

318 2383 426 2426 alios
454 2384 595 2427 vivos.
629 2386 863 2429 Postremo
894 2386 1127 2429 universos
1154 2386 1202 2428 in
1231 2386 1408 2429 Christo
1436 2390 1590 2442 patres
1617 2390 1662 2428 et
1691 2386 1853 2429 fratres
1880 2384 2012 2441 cupio
2025 2389 2064 2417 3⁰

318 2459 436 2497 recte
468 2456 615 2498 valere
653 2461 698 2499 et
736 2471 903 2513 precor,
938 2462 991 2499 ut
1023 2472 1095 2500 me
1131 2457 1178 2499 in
1215 2457 1306 2500 suis
1343 2457 1623 2500 orationibus
1660 2457 1856 2500 Domino
1893 2470 2013 2499 corn-

319 2526 530 2568 mendare
559 2542 650 2569 non
680 2533 938 2583 graventur.

451 2598 598 2640 Datae
631 2599 923 2655 Claudiopoli‚
959 2600 1084 2654 1581.
1121 2599 1339 2642 Kalendis
1371 2599 1660 2656 Septembris.

449 2668 571 2710 Tuae
606 2670 897 2713 Reverendae
931 2670 1228 2713 Paternitatis

664 2740 874 2797 indignus
907 2741 954 2783 in
988 2741 1164 2784 Christo
1198 2741 1316 2784 filius
1350 2741 1608 2794 Stephanus
1640 2742 1807 2784 Arator
1838 2754 1950 2796 mpr.
2023 2744 2060 2772 35

448 2834 515 2875 De
558 2835 820 2889 provinciali
863 2843 943 2880 aut
985 2837 1222 2880 visitatore
1263 2851 1407 2893 usque
1449 2838 1509 2880 ad
1549 2841 1833 2893 praesentem
1875 2836 2007 2887 diem,

315 2916 373 2945 an
400 2903 503 2953 sint,
533 2905 611 2960 qui
638 2905 727 2948 sint
755 2912 800 2949 et
827 2908 905 2950 ubi
933 2909 1036 2958 sint,
1066 2923 1122 2951 ne
1149 2909 1340 2951 verbum
1367 2908 1552 2964 quidem
1579 2907 1734 2950 audire
1760 2907 2006 2963 potuimus.

348 3050 353 3056 .
435 2992 648 3033 Kalczime
667 3009 680 3034 .·
704 2996 947 3037 Admodum
972 2997 1221 3037 Reverendo
1245 2997 1289 3036 in
1314 2997 1481 3037 Christo
1506 2997 1619 3049 patri
1643 2997 1817 3037 Claudio
1841 2998 2006 3050 Aquae-

313 3063 450 3098 vivae,
489 3054 729 3104 praeposito
765 3057 946 3106 generali
983 3057 1206 3096 Societatis
1242 3056 1358 3107 Jesu.
1398 3057 1571 3096 Romae.

438 3129 590 3177 Alatta,
620 3132 708 3170 ma's
738 3132 888 3172 kezzel:
922 3135 987 3174 De
1016 3133 1340 3187 Transylvania.
1371 3133 1452 3173 Pro
1481 3134 1632 3175 Literis
1661 3134 1899 3176 annalibus,
2021 3133 2058 3160 4⁰

585 3206 776 3248 (Eredeti‚
803 3209 1026 3254 sajatkezi'i,
1056 3221 1079 3245 a
1108 3210 1404 3255 Jezsuita-rend
1431 3209 1738 3254 leveltziraban.)
