2188 3535
101 195 195 237 1582
228 189 326 224 febr.
361 189 525 234 kozepe]
867 186 944 221 No.
977 197 1024 231 74
1722 189 1791 216 221

97 310 156 354 ab
171 307 299 352 annis
314 306 491 350 duobus
506 309 729 356 urserunt,
747 304 887 348 etiam
905 303 1211 346 intercedente
1227 300 1427 358 principe
1443 299 1547 342 Illm0
1562 297 1793 341 defuncto.

99 384 146 424 2⁰
179 378 295 436 Quia
334 377 396 420 sic
438 376 597 420 melius
635 377 871 432 proficeret
909 375 1028 417 Illmus
1058 374 1265 430 princeps
1305 376 1459 415 noster
1499 384 1608 413 cum
1652 367 1795 411 sociis.

99 454 146 506 3⁰
179 449 295 507 Quia
331 449 443 491 haec
470 447 565 491 sola
605 446 682 490 via
722 450 790 489 est
826 446 886 489 ad
911 445 1266 488 convertendam
1293 447 1480 499 gentem
1506 442 1637 484 hanc.
1667 440 1800 483 Nunc

101 521 234 572 enim,
268 519 347 577 qui
377 523 484 562 sunt
516 532 719 575 proceres
751 515 979 566 haeretici,
1017 530 1253 572 nunquam
1288 516 1623 557 convertentur.
1662 511 1725 553 At
1759 509 1796 552 si

53 609 72 636 5
100 592 180 636 filii
196 590 497 634 instituantur
527 589 652 645 apud
668 603 763 638 nos,
784 587 1027 631 succedent
1058 585 1322 644 parentibus
1353 582 1578 627 catholici.
1599 585 1646 637 4⁰
1685 579 1802 638 Quia

104 661 432 718 Claudiopolim
455 660 637 704 mittere
658 659 773 702 filios
795 658 872 702 isti
893 658 1068 707 nolunt,
1094 657 1174 700 sed
1195 656 1382 699 mallent
1406 654 1558 711 potius
1580 667 1674 696 una
1695 665 1800 694 cum

103 733 304 792 principe
338 731 453 775 filios
488 731 622 774 simul
659 729 852 774 educari.
892 732 938 783 5⁰
964 729 1081 785 Quia
1114 729 1225 771 haec
1257 727 1416 770 eadem
1438 730 1506 768 est
1531 738 1659 767 mens
1681 717 1802 767 Ser¹¹¹i

104 804 218 861 regis
257 803 483 853 Poloniae‚
524 806 576 845 ut
615 801 723 844 socii
762 800 1070 857 adiungantur
1107 797 1310 855 principi.
1353 796 1464 840 Mihi
1502 800 1660 839 autem
1698 807 1802 836 cum

105 874 395 919 concionibus
426 873 510 917 erit
528 872 652 917 oneri
684 877 866 916 tantam
884 872 1068 914 turbam
1086 869 1274 914 erudire.
1295 869 1341 912 60
1362 867 1480 924 Quia
1510 866 1571 909 sic
1603 864 1803 908 Societas

60 963 94 991 10
106 946 357 990 maximam
396 944 530 987 inibit
570 943 767 1000 gratiam
806 943 1031 986 baronum
1069 938 1424 996 Transylvaniae
1464 942 1510 980 et
1551 949 1802 993 procerum.

107 1019 201 1061 Nec
227 1031 334 1060 sane
359 1016 452 1059 ulla
478 1020 546 1058 est
572 1015 648 1057 via
674 1013 928 1070 expeditior
954 1013 1013 1056 ad
1038 1011 1306 1068 capiendam
1330 1009 1511 1052 illorum
1536 1006 1733 1064 gratiam
1759 1010 1805 1048 et

107 1088 232 1145 regni
261 1087 405 1131 totius
435 1086 789 1130 conversionem.

241 1159 415 1202 Deinde
446 1162 585 1214 agant
624 1156 766 1199 etiam
797 1160 951 1212 patres
983 1159 1028 1197 et
1060 1153 1245 1197 omnino
1289 1151 1537 1207 impetrent
1569 1163 1596 1191 a
1628 1147 1719 1190 Sua
1750 1146 1810 1189 S¹⁰

110 1231 317 1274 alumnos
353 1229 528 1286 aliquot
565 1226 911 1283 Claudiopolim.
951 1227 1020 1268 De
1054 1226 1140 1267 hac
1168 1238 1214 1266 re
1241 1237 1333 1266 non
1369 1222 1559 1264 afferam
1594 1217 1806 1267 rationes,

63 1317 98 1345 15
111 1316 225 1358 quas
278 1300 459 1344 abunde
512 1300 843 1354 Braunsperga,
901 1295 1202 1344 Olomucium,
1257 1293 1446 1342 Vienna,
1504 1293 1654 1334 Roma
1706 1288 1809 1331 sub-

112 1372 386 1416 ministrant.
408 1372 564 1414 Unum
583 1371 668 1412 hoc
689 1369 803 1418 dieo,
822 1382 927 1410 cum
947 1368 1035 1409 huc
1055 1379 1235 1408 rumore
1254 1364 1481 1420 perlatum
1497 1361 1656 1404 fuisset
1673 1360 1811 1402 Suam

112 1442 203 1486 Stem
252 1442 471 1499 cogitasse
508 1441 563 1483 de
587 1440 762 1496 aliquot
787 1437 983 1494 Ungaris
1006 1437 1078 1479 hic
1102 1436 1149 1479 in
1172 1435 1334 1478 studiis
1358 1433 1545 1482 alendis,
1571 1431 1811 1474 vehemen-

113 1519 183 1557 ter
214 1527 419 1570 proceres
451 1516 497 1554 et
531 1515 743 1554 senatum
775 1509 984 1552 laudasse
1018 1523 1069 1550 ac
1102 1506 1443 1550 commendasse
1477 1502 1589 1547 mihi
1622 1500 1812 1544 liberali—

113 1589 259 1628 tatem
286 1585 402 1627 Suae
428 1581 708 1625 Sanctitatis.
731 1581 831 1623 Imo
859 1579 1146 1623 mirabantur
1171 1592 1373 1620 amorem
1399 1581 1444 1619 et
1467 1575 1686 1623 favorem,
1711 1586 1815 1615 cum

67 1671 103 1699 20
114 1654 200 1712 ipsi
233 1654 344 1698 nihil
379 1653 567 1710 dignum
602 1652 684 1695 tali
715 1650 1034 1694 benevolentia
1057 1648 1325 1693 Sanctitatis
1349 1649 1465 1691 Suae
1488 1643 1812 1688 exhibuissent.

245 1725 478 1769 Tertium:
508 1725 564 1767 de
586 1723 850 1766 coadjutore
873 1736 965 1765 non
986 1720 1280 1764 obliviscatur
1303 1721 1357 1762 R.
1384 1720 1432 1761 P.
1456 1718 1570 1763 Tua,
1600 1714 1679 1772 qui
1705 1713 1817 1757 mihi

116 1797 249 1841 valde
282 1795 558 1839 necessarius
595 1799 676 1837 est.

245 1903 478 1954 Hdtlapja'n
511 1896 589 1939 Rd0
618 1898 738 1938 Patri
766 1897 1002 1943 visitatori,
1034 1895 1233 1936 Lelesius.

237 1996 391 2043 Alatta,
432 1996 585 2036 Leleszi
630 1995 779 2034 keze'vel
798 2008 811 2033 .·
857 1994 1045 2034 Stuzzios
1091 1997 1276 2045 quatuor
1320 2002 1472 2042 parvos
1517 1993 1559 2027 et
1605 1986 1818 2039 pulchros,

71 2058 193 2098 25sed
211 2057 395 2096 maxime
424 2069 499 2108 pro
528 2055 714 2107 principe
742 2054 796 2093 sit
825 2054 1090 2092 deauratum.
1123 2051 1339 2091 Praetium
1367 2049 1596 2089 remittam.

393 2145 584 2191 (Eredeti,
612 2143 838 2189 sajatkezfi.
867 2154 892 2177 a
921 2141 1216 2188 Jezsuita-rend
1243 2138 1551 2179 leveltaraban.)

942 2270 1012 2313 74.

467 2372 804 2429 Gyulajeje'rvdr,
839 2371 952 2424 1582
983 2369 1255 2423 [sebrudrius
1287 2367 1451 2421 ko'zepe.
1458 2367 1483 2418 J

414 2482 450 2521 A
479 2477 804 2533 gyulafejervari
834 2472 1261 2528 jezsuita-residentia
1295 2471 1542 2521 visitatioja.

79 2598 117 2625 30
259 2579 409 2621 Patris
452 2575 704 2620 Visitatoris
752 2571 998 2615 memoriale
1037 2574 1115 2626 pro
1154 2568 1268 2610 Alba
1307 2566 1454 2621 Iulia,
1492 2564 1759 2619 recognitum
1798 2575 1824 2603 cz

129 2651 259 2693 Patre
292 2650 351 2692 N.
389 2647 602 2691 Generali.
640 2647 771 2689 Anno
805 2644 931 2697 1582.

261 2720 379 2763 Alba
409 2718 533 2774 Julia
564 2716 706 2759 distat
749 2711 1030 2768 Claudiopoli
1072 2723 1098 2766 7
1134 2708 1399 2753 milliaribus
1442 2704 1691 2762 Ungaricis.
1739 2702 1826 2746 Hic

133 2791 314 2834 habitat
337 2790 544 2846 princeps
566 2802 671 2830 curn
694 2785 785 2828 suis
808 2781 1083 2827 consiliariis.
1109 2781 1278 2823 Omnes
1299 2778 1581 2821 habitatores
1605 2775 1696 2818 fere
1718 2778 1824 2816 sunt

133 2861 360 2912 haeretici,
381 2859 664 2917 paucissimis
685 2854 886 2912 exceptis
906 2859 952 2896 et
972 2853 1025 2895 iis
1045 2851 1230 2909 quidem
1249 2849 1476 2893 conversis
1495 2861 1632 2903 opera
1651 2849 1826 2888 nostro-

86 2945 124 2973 35
135 2948 248 2975 rum.
267 2932 480 2987 Princeps
491 2935 559 2974 est
570 2927 804 2977 novennis,
821 2925 1022 2981 optimae
1037 2922 1212 2971 indolis,
1231 2920 1492 2968 catholicus,
1511 2918 1615 2960 licet
1633 2920 1827 2959 matrem

136 3003 345 3046 habuerit
370 3000 799 3049 haereticissimam;
827 3009 984 3039 omnes
1009 2994 1103 3037 eius
1129 2991 1368 3035 consiliarii
1392 2988 1606 3032 haeretici
1627 3001 1635 3038 ;
1665 2984 1828 3029 medici

138 3074 228 3116 duo
251 3073 370 3124 Itali,
394 3073 534 3115 etiam
562 3069 790 3118 haeretici,
824 3080 1019 3124 quorum
1049 3064 1163 3107 alter
1191 3067 1259 3105 est
1290 3061 1542 3104 Blandrata
1572 3071 1708 3100 senex
1740 3056 1830 3098 fere

139 3143 480 3200 nonagenarius,
524 3141 745 3198 pessimus
786 3139 937 3186 homo,
977 3135 1055 3192 qui
1096 3133 1269 3177 invexit
1301 3131 1621 3187 ‚Arianismum
1662 3128 1709 3169 in
1749 3127 1832 3168 has
