2188 3535
170 217 269 261 1580
297 215 411 259 vege]
934 213 1008 247 No.
1042 222 1089 259 45
1794 224 1807 249 1
1821 224 1867 258 19

165 345 246 374 nas
275 330 403 379 duas,
434 344 491 372 ex
519 328 686 386 quibus
714 328 761 370 in
789 343 908 372 anno
938 331 1180 373 solvuntur
1207 343 1366 372 census
1394 330 1437 372 fl.
1468 341 1508 372 2.
1540 329 1695 372 Habet
1724 329 1863 372 etiarn

164 401 315 450 silvas,
340 414 396 443 ex
418 400 586 457 quibus
619 404 811 455 possunt
833 400 963 443 nobis
984 401 1106 456 ligna
1127 400 1331 443 sufficere
1353 399 1413 442 ad
1433 399 1631 442 culinam
1653 405 1699 442 et
1721 401 1864 456 hypo-

167 476 338 520 causta,
375 471 456 512 sed
489 484 583 512 non
616 470 772 512 valent
807 470 867 512 ad
900 471 1117 513 aedificia.
1156 471 1333 513 Ibidem
1366 470 1586 513 habemus
1620 484 1728 513 oves
1765 483 1860 520 100,

169 555 306 598 agnos
328 541 525 583 totidem
548 545 594 583 et
612 554 776 583 vaccas
794 553 847 582 10
864 555 873 591 ;
899 555 954 583 ex
976 542 1141 598 quibus
1162 541 1384 583 habemus
1406 541 1476 583 lac
1498 546 1544 583 et
1565 555 1760 590 caseum,
1785 541 1865 583 sed

118 631 134 658 5
169 612 372 654 butirum
399 625 493 653 non
523 611 731 653 sufficiet.
765 611 981 653 Successu
1009 611 1228 667 temporis
1263 616 1480 667 poterunt
1508 616 1553 654 et
1584 625 1738 655 carnes
1760 611 1865 654 inde

169 696 248 739 pro
271 683 392 724 bona
423 687 556 737 parte
586 681 694 723 anni
723 681 892 724 haberi.
932 682 1080 724 Pisces
1112 682 1253 724 etiam
1285 696 1341 724 ex
1372 681 1512 724 fluvio
1544 683 1733 725 nostrol
1764 696 1865 738 pos-

169 758 275 794 sunt
296 752 454 794 haberi
476 752 611 794 certis
633 752 929 808 temporibus.
953 752 1032 794 sed
1048 752 1111 794 illi
1127 766 1218 794 non
1232 752 1479 795 sufficiunt.
1499 753 1687 795 Summa
1700 753 1745 795 fl.
1765 763 1863 807 354.

873 897 928 938 11.
964 895 1151 938 Baaeh.2

282 989 438 1032 Coloni
468 994 575 1032 sunt
604 1003 792 1031 numero
822 1001 890 1044 93.
930 989 1018 1045 Qui
1045 989 1219 1031 habent
1280 1002 1388 1032 oves
1417 992 1524 1030 sunt
1555 998 1624 1042 45.
1657 988 1866 1030 Mulieres

120 1078 154 1106 10
168 1059 333 1102 viduae
359 1064 466 1102 sunt
495 1072 561 1102 10.
591 1060 766 1101 Domus
792 1059 996 1101 desertae
1022 1064 1130 1101 sunt
1157 1072 1195 1112 3.
1227 1059 1394 1101 Census
1422 1071 1600 1099 annuus
1627 1062 1695 1099 est
1721 1058 1763 1099 fl.
1796 1070 1862 1100 10.

168 1131 336 1172 Census
369 1135 524 1172 autem
555 1129 680 1172 tertii
711 1129 928 1185 cuiusque
960 1129 1068 1171 anni
1098 1130 1141 1171 fl.
1176 1140 1232 1182 50
1263 1133 1309 1170 et
1341 1128 1423 1170 bos
1453 1141 1586 1176 unus,
1620 1127 1699 1183 qui
1730 1128 1866 1169 ambo

168 1201 399 1243 coniuncti
441 1200 723 1242 constituent
766 1214 970 1242 annuum
1011 1213 1197 1241 censum
1238 1199 1281 1241 fl.
1327 1208 1395 1251 35.
1443 1196 1669 1239 Redditus
1712 1197 1868 1239 telonii

169 1285 347 1313 annuus
381 1270 613 1313 aestimari
644 1274 797 1326 potest
830 1269 1007 1312 circiter
1039 1271 1081 1311 fi.
1118 1281 1187 1311 20.
1223 1268 1426 1311 Gallinas
1460 1266 1573 1309 dant
1606 1266 1766 1309 itidem
1799 1267 1868 1309 bis

169 1341 216 1382 in
240 1355 373 1391 anno,
401 1356 457 1383 ex
481 1340 666 1396 singulis
691 1340 915 1389 domibus,
943 1339 1174 1381 aestimari
1197 1342 1390 1394 possunt
1415 1337 1506 1379 fere
1530 1338 1573 1379 fl.
1601 1348 1640 1391 5.
1674 1337 1867 1397 Quando

121 1430 156 1459 15
169 1416 377 1453 crescunt
393 1410 794 1466 glandesinsilvis,
822 1414 1014 1465 possunt
1041 1408 1200 1451 haberi
1227 1423 1283 1450 ex
1312 1407 1497 1450 decimis
1525 1407 1700 1464 aliquot
1729 1409 1866 1463 porci.

171 1481 348 1524 Ibidem
371 1485 524 1537 potest
547 1480 644 1523 fieri
667 1480 768 1522 calx
791 1493 872 1535 pro
897 1479 1111 1522 aedificiis
1135 1483 1180 1521 et
1203 1479 1345 1521 fiebat
1369 1478 1490 1520 olim.
1518 1478 1706 1520 Summa
1728 1478 1771 1520 fl.
1798 1478 1866 1520 60.

851 1625 929 1666 111.
961 1625 1171 1676 Jegenye.

294 1716 348 1758 In
370 1716 455 1758 hoc
477 1729 594 1771 pago
617 1720 724 1757 sunt
747 1714 893 1757 coloni
915 1727 983 1770 77.
1010 1714 1098 1757 Sed
1119 1728 1175 1756 ex
1197 1713 1280 1763 his,
1305 1713 1384 1769 qui
1405 1713 1578 1755 habent
1601 1713 1741 1754 boves
1763 1718 1868 1754 sunt

168 1790 353 1828 tantum
366 1798 434 1839 33.
450 1786 658 1828 Mulieres
671 1785 836 1828 viduae
852 1798 918 1827 11.
935 1786 1110 1827 Domus
1124 1784 1327 1827 desertae
1341 1796 1379 1826 2.
1393 1784 1561 1826 Census
1575 1796 1753 1825 annuus
1766 1797 1870 1824 cum

119 1877 155 1906 20
168 1856 288 1899 sinat
304 1856 439 1899 simul
454 1861 750 1912 computatus
766 1855 875 1898 facit
891 1857 934 1898 fl.
956 1856 1082 1913 121s2.
1106 1856 1147 1897 A
1162 1854 1433 1897 molendinis
1454 1853 1608 1910 parvis
1629 1853 1871 1896 solvuntur

169 1927 309 1969 annui
327 1928 370 1969 fl.
394 1937 434 1981 5.
457 1927 662 1969 Gallinae
682 1931 751 1969 ter
769 1927 816 1968 in
835 1940 955 1968 anno
972 1925 1147 1968 faciunt
1163 1925 1341 1968 circiter
1354 1926 1398 1967 fl.
1416 1937 1456 1979 4.
1475 1924 1664 1967 Summa
1678 1925 1721 1966 fl.
1740 1936 1792 1966 21
1804 1924 1868 1974 ΗΞ.

292 2071 549 2113 Proventus
592 2083 648 2111 ex
691 2067 876 2111 decimis
917 2072 963 2111 et
1008 2066 1192 2124 praedio
1224 2066 1404 2123 frugum
1437 2065 1584 2109 omnis
1613 2064 1785 2122 generis
1816 2079 1869 2108 ex

170 2139 239 2183 his
269 2140 414 2183 tribus
445 2140 585 2195 pagis.
618 2140 751 2182 Anno
782 2139 906 2193 1580.

287 2246 444 2289 Tritici
473 2261 529 2289 ex
557 2247 627 2289 his
656 2247 803 2289 tribus
832 2246 960 2302 pagis
993 2248 1189 2302 (praeter
1217 2245 1278 2296 id,
1309 2244 1434 2301 quod
1462 2243 1509 2285 in
1531 2247 1780 2285 sementem
1802 2246 1869 2283 est

123 2336 159 2365 25
172 2317 446 2373 expositum)
471 2317 656 2359 fuerunt
678 2317 831 2360 eubuli
853 2317 1030 2359 circiter
1052 2316 1208 2372 1381J2,
1232 2315 1311 2371 qui
1332 2315 1369 2356 si
1391 2313 1690 2356 aestimentur
1710 2311 1873 2367 singuli

172 2389 216 2430 fl.
243 2387 341 2444 11s2‚
365 2388 534 2431 facient
556 2388 602 2429 in
623 2401 803 2430 summa
818 2388 860 2430 fl.
880 2399 977 2440 203.
996 2388 1182 2429 Avenae
1204 2390 1454 2441 proventus
1476 2388 1573 2426 tam
1595 2397 1651 2425 ex
1671 2382 1873 2438 praedio,

174 2472 314 2514 quarn
351 2472 407 2501 ex
445 2458 630 2500 decimis
668 2458 804 2500 faciet
842 2457 1021 2499 circiter
1056 2457 1099 2499 fl.
1141 2457 1209 2510 56.
1250 2455 1368 2504 Pisa,
1408 2454 1597 2503 milium,
1636 2452 1872 2502 hordeum,

174 2543 328 2571 semen
351 2528 570 2572 cannabis
593 2533 639 2571 et
662 2528 743 2570 lini
766 2532 984 2583 poterunt
1008 2526 1239 2569 aestimari
1263 2525 1439 2567 circiter
1454 2525 1496 2567 fl.
1518 2525 1584 2567 18.
1604 2525 1675 2566 Ex
1691 2523 1876 2565 decimis

175 2599 331 2641 ovium
385 2599 643 2655 accepimus
693 2613 832 2655 agnos
886 2610 952 2652 50,
1006 2599 1085 2654 qui
1134 2598 1309 2640 faciunt
1359 2596 1401 2639 fl.
1458 2607 1524 2638 10.
1574 2595 1647 2637 Ex
1691 2595 1876 2638 decimis

127 2684 316 2726 30apum
359 2672 618 2727 accepimus
647 2669 847 2711 alvearia
881 2682 907 2724 9
943 2673 987 2710 et
1023 2668 1066 2710 fl.
1104 2679 1144 2721 4.
1183 2666 1284 2709 den.
1321 2678 1360 2721 7.
1400 2666 1455 2708 In
1489 2679 1668 2707 summa
1702 2664 1877 2706 faciunt

177 2741 220 2782 fl.
255 2753 282 2794 7
315 2740 415 2782 den.
451 2741 520 2783 60.
557 2741 644 2782 Pro
691 2740 837 2781 tribus
869 2739 1016 2781 bobus
1048 2737 1182 2787 sinat,
1217 2736 1296 2793 qui
1328 2736 1499 2779 dantur
1528 2735 1664 2778 tertio
1697 2748 1879 2792 quoque

179 2824 312 2860 ann0‚
340 2815 534 2866 possunt
561 2810 819 2866 computari
845 2810 891 2851 in
918 2808 1116 2864 singulos
1143 2821 1285 2850 annos
1311 2821 1392 2863 pro
1419 2806 1607 2848 dimidio
1633 2806 1676 2849 fl.
1706 2805 1745 2848 6.
1774 2804 1879 2847 Vini

179 2895 235 2922 ex
272 2880 457 2923 decimis
494 2881 701 2923 omnium
738 2894 959 2937 pagorum
990 2877 1266 2934 proveniunt
1303 2891 1415 2919 vasa
1450 2890 1618 2933 magna
1654 2881 1700 2918 et
1737 2889 1880 2931 parva

179 2950 356 2993 circiter
385 2952 456 3001 80,
490 2966 609 3008 quae
640 2951 871 2994 aestimari
901 2954 1092 3006 possunt
1122 2948 1307 3003 singulis
1338 2947 1468 2990 annis
1498 2947 1674 2990 circiter
1703 2947 1746 2988 fl.
1780 2958 1877 3000 700.

130 3041 166 3069 35
297 3022 352 3064 In
379 3036 561 3065 summa
588 3027 681 3064 tres
707 3022 756 3064 hi
783 3021 888 3077 pagi
916 3020 1090 3063 faciunt
1119 3018 1304 3074 singulis
1331 3018 1461 3061 annis
1489 3017 1666 3060 circiter
1692 3017 1735 3059 fl.
1769 3016 1882 3069 1436

338 3170 352 3191 ²
378 3170 555 3206 Szamos.
612 3172 626 3193 ²
654 3170 832 3206 Olvasd:
861 3168 977 3205 Bacs.
