2188 3535
145 2274 238 2307 Szept.
264 2285 288 2309 3.

129 2415 222 2447 Szept.
250 2425 289 2443 10.

153 2627 226 2653 Nov.
246 2636 288 2654 20.

332 173 405 209 208
1103 170 1176 206 No.
1208 173 1257 207 68
1684 173 1797 217 [1581
1834 175 1940 209 decz.
1979 186 2027 212 10

330 289 463 345 iugio,
504 289 575 331 ille
615 288 846 331 subiunxit
886 287 1050 329 latine:
1093 287 1222 330 Adde
1248 288 1388 331 etiam
1414 290 1580 345 pollere
1605 290 1684 341 ira,
1713 292 1815 342 bile,
1844 293 2024 337 cholera

330 364 374 401 et
410 359 578 402 viribus
597 373 606 408 ;
642 358 778 400 habet
812 357 931 399 enim
965 357 1075 399 satis
1109 357 1245 400 fortia
1277 359 1423 403 latera
1450 366 1495 403 et
1517 361 1577 404 ad
1610 362 1821 405 militiam
1855 364 2020 419 potius,

329 444 466 485 quam
489 429 547 470 ad
568 428 822 482 religionem
845 433 980 469 natus
1002 433 1112 470 erat.
1139 429 1258 471 Item
1281 430 1350 472 vir
1371 431 1559 487 quidam
1581 433 1744 476 nobilis
1766 434 2023 489 praefectus

328 500 441 541 arcis
471 498 681 553 principis
711 496 888 552 scripsit
919 496 959 539 ei
986 498 1152 548 literas,
1186 499 1232 541 in
1263 501 1429 556 quibus
1459 503 1671 546 hortatur
1701 518 1819 554 eum,
1853 509 1905 546 ut
1937 505 2021 548 Dei

325 569 392 610 sui
436 567 692 609 recordetur
734 572 778 608 et
823 581 913 609 non
961 568 1135 611 saeviat
1180 575 1418 627 tantopere
1462 573 1508 615 in
1552 574 1773 624 subditos,
1820 575 2021 632 alioquin
2052 589 2069 617 5

324 638 563 680 clamorem
598 651 752 679 eorum
788 639 936 680 Deum
971 640 1307 684 exauditurum.
1347 643 1466 686 Item
1501 644 1689 700 quidam
1725 645 1836 688 civis
1871 647 2019 690 Colos-

322 707 535 750 uariensis
564 707 692 756 dixit,
724 708 936 751 audiente
968 710 1168 765 quodam
1200 726 1255 754 ex
1284 714 1491 768 patribus
1519 715 1713 757 nostris:
1749 715 1796 759 Si
1823 716 1887 758 illi
1928 722 2019 761 tres

323 778 490 833 Ungari
517 778 770 820 sacerdotes
797 779 879 821 soli
906 781 1191 832 mansissent,
1222 784 1299 839 qui
1327 784 1460 840 primi
1486 787 1534 828 in
1560 786 1644 828 hoc
1673 801 1860 842 regnum
1889 794 2016 831 erant

321 848 501 903 ingressi
535 854 579 890 et
614 863 703 890 non
737 850 1020 893 miscuissent
1054 866 1100 894 se
1133 852 1218 895 illis
1248 855 1418 905 Poloni,
1443 856 1534 899 iam
1568 856 1645 899 vix
1679 863 1770 900 tres
1803 859 2017 902 haeretici

318 923 465 960 essent
490 919 536 960 in
561 920 645 961 hoc
671 920 870 970 civitate,
900 922 978 977 qui
1004 937 1094 964 non
1119 930 1268 966 essent
1294 927 1510 969 conversi.
1541 928 1629 970 Sed
1653 942 1774 971 nunc
1800 929 2065 987 quicquid1⁰

319 989 606 1033 concionibus
652 992 821 1047 Ungari
866 993 1122 1048 acquirunt,
1169 1009 1286 1038 unus
1318 996 1390 1039 ille
1422 998 1691 1041 crudelitate
1736 1014 1819 1042 sua
1862 1001 2016 1044 omnia

317 1060 521 1102 destruit.

432 1132 703 1188 Interrogati
740 1134 884 1176 coloni
921 1135 1077 1188 nostri,
1117 1138 1346 1192 quomodo
1384 1139 1596 1182 docerent
1633 1141 1789 1192 nostri,
1831 1156 2013 1199 respon-

314 1201 492 1252 derunt,
527 1203 638 1245 bene
670 1204 852 1260 quidem
885 1205 1063 1256 docent,
1098 1208 1177 1250 sed
1208 1209 1476 1253 crudelitate
1509 1225 1591 1254 sua
1621 1212 1776 1255 omnia
1807 1227 1830 1255 e
1862 1214 2012 1271 capite

314 1272 443 1315 nobis
474 1274 723 1317 excutiunt.
758 1276 924 1332 Ecquis
958 1278 1155 1321 multum
1188 1279 1465 1323 delectatur:
1501 1282 1637 1325 modo
1671 1296 1724 1326 10
1756 1284 1837 1326 alit
1869 1290 1914 1327 et
1952 1285 2013 1328 ad
2026 1296 2061 1324 15

313 1343 582 1400 principium
618 1346 733 1388 veris
767 1347 866 1389 vult
902 1347 1020 1391 alere
1053 1363 1232 1405 gregem
1267 1365 1486 1407 equorum
1521 1358 1566 1395 et
1602 1353 1790 1397 insumit
1825 1360 2010 1399 tantum

312 1427 482 1457 avenae
506 1415 551 1457 in
575 1416 660 1459 illis
683 1417 866 1468 alendis,
893 1424 1120 1474 quantum
1143 1421 1221 1464 vix
1246 1423 1400 1465 valent
1425 1424 1571 1479 pretia
1599 1424 1790 1469 illorum.
1819 1427 2010 1470 Interim

312 1484 358 1526 in
386 1485 481 1528 foro
508 1488 707 1542 pecuniis
734 1490 843 1531 emit
873 1490 1136 1534 dun'ssimas
1167 1506 1335 1544 carnes,
1366 1509 1479 1550 quas
1506 1495 1656 1538 nullus
1696 1502 1849 1552 potest
1888 1512 2008 1541 com-

310 1555 439 1598 edere
457 1571 464 1598 :
490 1571 592 1600 cum
612 1559 750 1614 gratis
772 1560 817 1602 in
840 1561 969 1604 terris
990 1562 1155 1605 nostris
1177 1564 1294 1606 alere
1316 1565 1457 1620 possit
1484 1580 1637 1622 greges
1658 1567 1827 1618 ovium,
1849 1582 2006 1611 vacca-

310 1640 410 1669 rum
433 1634 477 1669 et
501 1629 682 1672 bovum.
708 1631 761 1672 In
783 1646 939 1674 mensa
960 1633 1177 1688 praefecti
1199 1636 1328 1678 aulae
1351 1636 1577 1692 principis,
1611 1637 1694 1680 viri
1724 1639 2001 1690 nobilissimi,
2020 1654 2055 1680 20

310 1697 387 1752 qui
414 1713 485 1740 me
512 1700 571 1742 ad
596 1715 641 1743 se
668 1701 943 1745 invitaverat
971 1709 1074 1759 post
1103 1706 1377 1757 concionem,
1407 1707 1453 1749 in
1480 1707 1642 1751 faciem
1669 1709 1780 1754 mihi
1806 1711 2000 1754 obiecit:

309 1768 388 1810 Vir
427 1770 539 1812 alius
580 1786 767 1827 magnae
809 1775 1103 1818 authoritatis
1144 1782 1188 1819 et
1226 1778 1401 1828 nobilis,
1439 1779 1552 1821 bene
1593 1779 1691 1822 aliis
1731 1782 2003 1837 praedicatis

308 1839 670 1892 misericordiam,
697 1844 775 1886 sed
798 1844 882 1900 ipsi
906 1846 1013 1888 estis
1037 1847 1251 1898 crudeles,
1278 1863 1444 1905 magna
1467 1855 1533 1892 est
1560 1850 1615 1892 de
1639 1852 1768 1894 vobis
1792 1853 2003 1896 omnibus

306 1912 499 1965 querela,
552 1915 674 1969 quod
723 1916 839 1958 male
889 1918 1096 1960 tractetis
1145 1919 1364 1962 subditos.
1415 1921 1672 1977 Respondi:
1726 1923 2001 1967 Officialium

306 1994 400 2023 esse
439 1982 562 2026 illam
602 1999 767 2029 curam.
804 1988 886 2038 Tu,
929 1988 991 2029 illi
1031 1989 1203 2040 famuli,
1245 1990 1407 2047 inquit,
1450 1992 1589 2035 vestri
1620 2007 1711 2036 non
1743 2001 2049 2047 moventur‚25

305 2051 389 2093 nisi
405 2059 554 2097 vestro
571 2055 704 2099 iussu.
726 2058 844 2100 Hinc
859 2058 951 2101 iam
966 2074 1057 2102 non
1072 2061 1224 2112 habui,
1237 2062 1347 2117 quid
1362 2063 1487 2105 aliud
1501 2063 1708 2115 dicerem,
1724 2080 1863 2122 quam
1878 2067 2002 2123 quod

304 2123 448 2166 solum
487 2126 780 2170 concionandi
819 2144 984 2172 munus
1022 2145 1116 2174 esse
1155 2132 1265 2174 mihi
1303 2134 1595 2177 commissum
1633 2141 1678 2178 et
1717 2136 1772 2179 de
1810 2137 2000 2181 aliorum

304 2193 473 2244 officiis,
508 2211 588 2239 nec
621 2199 768 2242 Deum
800 2214 827 2242 a
859 2216 930 2243 me
962 2207 1230 2246 exacturum
1262 2204 1514 2256 rationem;
1550 2210 1594 2248 et
1628 2207 1690 2249 sic
1723 2209 1996 2265 conquievit.

432 2267 584 2310 Tertia
640 2270 917 2325 Septembris
984 2274 1243 2317 audivimus
1307 2281 1485 2330 patrem
1541 2277 1850 2322 Carminatam
1906 2294 1999 2323 esse

304 2334 598 2389 visitatorem,
652 2341 729 2397 qui
764 2342 823 2385 ad
858 2342 1061 2387 futuram
1096 2351 1318 2388 aestatem
1355 2347 1520 2389 dicitur
1554 2347 1613 2390 ad
1647 2363 1729 2391 nos
1764 2356 2046 2395 venturus.30

306 2417 370 2447 10.
407 2407 682 2463 Septembris
715 2413 826 2455 mihi
859 2414 1062 2458 redditae
1097 2416 1279 2459 fuerunt
1313 2417 1469 2461 literae
1503 2424 1609 2461 tuae
1643 2422 1995 2472 amantissimae,

303 2490 416 2530 quae
459 2480 568 2522 mihi
611 2497 823 2538 magnam
865 2485 1153 2541 voluptatem
1195 2488 1449 2531 attulerunt
1493 2495 1537 2532 et
1580 2504 1671 2533 non
1714 2493 1999 2535 mediocriter

303 2549 637 2602 confirmarunt,
684 2560 734 2595 ut
779 2569 916 2598 onera
959 2561 1004 2598 et
1051 2559 1280 2601 molestias
1329 2560 1459 2616 (quas
1503 2575 1655 2604 secum
1707 2563 1820 2605 ferre
1877 2578 1998 2606 nova

303 2617 485 2672 collegia
507 2622 658 2665 scribit
680 2625 777 2667 Tua
800 2628 1086 2683 Reverentia)
1115 2630 1277 2672 fortius
1295 2629 1470 2685 ferrem.
1490 2644 1557 2674 20.
1579 2633 1849 2676 Novembris
1873 2634 1996 2677 missi

303 2693 407 2728 sunt
426 2701 450 2741 3
470 2704 523 2732 ex
542 2693 738 2745 Polonia,
759 2711 875 2739 unus
893 2703 1023 2753 pater
1041 2700 1172 2750 Saxo,
1194 2701 1272 2756 qui
1289 2701 1352 2743 ibi
1370 2702 1514 2744 fertur
1530 2703 1751 2758 vertigine
1768 2704 1995 2748 laborasse
2008 2717 2044 2744 35

303 2762 348 2798 et
367 2771 498 2813 saepe
517 2761 561 2802 in
581 2765 732 2808 schola
749 2768 956 2811 recidisse
976 2775 1020 2812 et
1041 2771 1130 2813 duo
1150 2771 1326 2820 fratres,
1348 2787 1542 2828 quorum
1561 2774 1676 2815 alter
1695 2779 1762 2816 est
1778 2775 1995 2819 iuvencus

303 2828 624 2882 petulantulus,
661 2836 773 2878 alter
806 2839 1090 2891 semicaecus,
1129 2842 1206 2897 qui
1239 2842 1324 2884 illis
1346 2843 1439 2885 iam
1459 2843 1582 2886 utilis
1604 2844 1667 2887 ibi
1686 2859 1777 2887 non
1797 2851 1990 2901 poterat.

303 2897 420 2940 Saxo
449 2900 517 2941 his
543 2902 698 2947 diebus
727 2909 886 2951 cecidit
916 2910 962 2952 in
990 2912 1221 2954 cellarium
1250 2918 1295 2955 et
1325 2913 1402 2955 vix
1431 2915 1521 2956 duo
1550 2915 1641 2956 iarn
1670 2914 1732 2957 illi
1760 2916 1992 2960 sufficiunt

302 2967 478 3011 infirmo
516 2972 778 3019 ministrare.
818 2980 952 3023 Videt
991 2983 1264 3026 Reverentia
1298 2985 1397 3026 Tua
1433 2985 1588 3040 quales
1624 2985 1753 3028 nobis
1788 2987 1992 3031 homines

303 3038 508 3089 mittunt,
538 3043 615 3097 qui
641 3059 730 3087 non
757 3049 1032 3103 adiumento,
1063 3054 1143 3095 sed
1167 3053 1291 3096 oneri
1317 3054 1421 3096 sint.
1452 3056 1500 3097 P.
1530 3056 1746 3112 Georgius
1772 3057 2039 3102 incideratw

303 3109 443 3151 Albae
467 3110 512 3152 in
537 3115 756 3166 morbum,
782 3120 1006 3165 adductus
1029 3129 1096 3166 est
1120 3125 1208 3166 huc
1232 3129 1277 3167 et
1301 3124 1392 3168 iam
1416 3131 1624 3181 coeperat
1649 3129 1958 3173 convalescere
1978 3144 1988 3181 3
