2188 3535
184 1290 251 1315 Okt.
275 1298 301 1321 4.

136 1502 229 1533 Srcpt.
256 1509 298 1527 21.

136 1784 229 1815 Szept.
254 1792 296 1816 29.

179 2281 244 2306 0k1.
270 2283 294 2307 8.

325 179 398 214 206
1090 171 1164 204 No.
1196 173 1245 206 68
1673 170 1783 214 [1581
1821 171 1926 204 decz.
1965 180 2015 205 10

323 295 463 338 menti
507 293 766 350 suscipiunt.
820 288 952 344 Quod
994 287 1143 329 nullus
1187 286 1244 328 sit
1289 288 1498 343 Ungarus
1542 302 1596 330 ex
1641 287 2010 343 praeceptoribus

322 371 498 421 praeter
546 363 813 409 Martinum;
864 363 908 400 et
957 357 1067 399 alios
1116 357 1308 400 Polonos
1357 363 1401 400 et
1450 359 1699 401 Germanos
1748 358 2009 401 Pannonica

322 436 531 477 iuventus
552 447 631 474 nec
653 429 887 484 intelligat,
912 442 993 469 nec
1015 441 1119 483 erga
1140 441 1216 470 eos
1236 427 1474 471 afficiatur.
1501 430 1613 472 Cum
1650 428 1776 471 festis
1796 429 2008 471 ecclesiae

322 505 565 546 catholicae
588 507 631 544 et
655 500 787 543 huius
810 498 1067 554 provinciae
1090 498 1273 540 videtur
1294 499 1447 542 ludere
1470 506 1515 542 et
1539 500 1585 541 in
1609 500 1694 541 illis
1716 499 2009 542 instituendis

321 581 363 616 et
414 571 680 627 abrogandis
730 569 945 612 maiorem
995 569 1215 625 episcopis
1265 570 1594 613 authoritatem
1645 569 1730 612 sibi
1780 584 2007 626 arrogans,
2039 582 2061 610 5

319 645 461 686 multa
505 643 619 684 festa
658 639 1011 695 Transylvaniae
1042 645 1339 695 patronorum
1370 641 1622 697 abrogavit,
1673 655 1776 683 cum
1808 641 2008 684 maximo

319 719 361 756 et
395 712 730 760 catholicorum,
766 715 810 752 et
844 710 1174 753 haereticorum
1207 712 1450 763 scandalo;
1485 717 1530 754 et
1565 712 1678 754 duas
1711 725 1853 754 novas
1886 711 2009 754 dedi-

318 784 514 826 cationes
556 783 747 824 duorum
790 785 1048 823 nostrorum
1091 783 1365 837 templorum
1407 783 1621 832 instituit,
1665 787 1908 838 utramque
1950 783 2010 825 ad

316 854 506 909 primam
545 853 663 895 diem
701 851 974 894 dominicam
1012 852 1251 903 Octobris;
1307 859 1352 895 et
1389 858 1441 895 ut
1479 854 1641 896 fortius
1678 854 1737 896 ab
1773 853 2011 896 haereticis

316 925 611 973 irrideremur,
639 923 802 979 exponi
827 923 956 964 iussit
981 923 1028 964 in
1052 923 1166 965 turri
1191 924 1421 974 vexillum,
1465 924 1589 980 quod
1613 938 1848 980 nunquam
1873 930 2010 967 antea
2023 937 2061 965 ιο

315 995 360 1036 in
384 994 724 1051 Transylvania,
742 1008 822 1036 nec
847 994 905 1035 ab
928 994 1178 1045 haereticis,
1200 1008 1282 1037 nec
1306 996 1365 1037 ab
1389 995 1622 1037 catholicis
1647 995 1821 1038 factum
1845 995 2007 1038 fuerat.

315 1067 374 1108 Et
400 1067 510 1108 haec
536 1066 625 1108 duo
651 1065 766 1107 festa
791 1064 884 1107 sine
906 1065 998 1107 ulla
1023 1065 1369 1116 consultatione,
1397 1081 1452 1108 ex
1478 1081 1558 1108 suo
1584 1066 1733 1122 capite
1758 1066 2006 1109 adinvenit.

315 1137 374 1178 Et
408 1137 510 1179 licet
543 1136 882 1192 antiquissimae
914 1137 1285 1192 septuagenariae
1318 1137 1567 1179 catholicae
1599 1137 1822 1180 foeminae
1854 1143 2010 1193 aperte

317 1212 593 1249 testarentur
623 1207 755 1249 huius
786 1207 957 1262 templi,
992 1207 1038 1249 in
1070 1222 1160 1264 quo
1195 1222 1364 1258 sumus,
1407 1207 1740 1250 dedicationem
1779 1208 2009 1264 propriam

316 1292 342 1320 a
370 1278 600 1320 monachis
629 1278 673 1319 in
703 1278 817 1320 festo
846 1278 887 1320 S.
920 1278 1146 1320 Francisci
1175 1279 1463 1329 celebratam,
1493 1279 1612 1321 illius
1640 1284 1795 1321 autem
1824 1279 2009 1322 alterius
2022 1293 2059 1321 15

315 1348 360 1390 in
386 1349 500 1391 festo
525 1350 566 1392 S.
593 1349 759 1392 Mariae
779 1363 789 1399 ;
815 1354 860 1391 et
884 1354 1164 1392 testarentur
1186 1364 1277 1392 non
1301 1350 1396 1392 fore
1420 1350 1723 1393 aedificationi
1747 1365 1828 1392 nec
1853 1351 2008 1393 catho-

315 1419 422 1469 licis,
461 1434 540 1462 nec
577 1419 810 1462 haereticis
846 1420 1037 1476 antiqua
1073 1420 1189 1463 festa
1224 1421 1550 1464 catholicorum
1587 1421 1770 1476 sepelire
1807 1426 1851 1464 et
1887 1436 2008 1464 nova

315 1490 626 1541 introducere,
673 1505 746 1533 eas
791 1496 945 1533 tamen
990 1492 1144 1534 audire
1189 1492 1347 1534 noluit.
1396 1493 1450 1534 In
1495 1493 1610 1534 sesto
1655 1492 1762 1535 Divi
1806 1492 2006 1535 Mathaei

313 1562 519 1616 apostoli,
560 1562 665 1604 dum
706 1576 786 1617 ego
824 1562 870 1604 in
907 1563 1079 1618 templo
1117 1563 1369 1613 concionor‚
1410 1563 1504 1619 ipse
1542 1563 1588 1605 in
1626 1578 1758 1605 curru
1797 1568 1841 1605 et
1880 1563 2007 1619 equis

311 1632 476 1674 nostris
496 1647 550 1674 ex
565 1647 679 1688 pago
694 1638 848 1675 nostro
868 1648 947 1688 per
961 1634 1159 1676 mediam
1179 1634 1415 1676 civitatem
1436 1634 1619 1677 foenum
1640 1634 1792 1676 inferri
1812 1634 2003 1676 curavit.
2019 1650 2057 1677 20

428 1704 551 1745 Haec
585 1704 789 1746 videntes
822 1705 1036 1747 haeretici
1071 1705 1258 1748 dicunt:
1296 1705 1381 1759 ipsi
1415 1706 1705 1761 promulgant
1741 1705 1838 1747 aliis
1873 1705 2003 1754 festa,

313 1773 391 1815 sed
422 1774 600 1829 ipsimet
633 1789 723 1817 non
755 1780 951 1818 servant.
988 1777 1108 1819 Item
1140 1776 1186 1818 in
1218 1776 1334 1818 festo
1368 1777 1409 1819 S.
1446 1776 1676 1819 Michaelis
1707 1776 1830 1818 misit
1863 1791 2005 1819 unum

313 1858 366 1886 ex
406 1845 611 1899 patribus
650 1846 850 1896 noviciis,
892 1847 970 1903 qui
1010 1847 1353 1890 concionaretur
1391 1847 1438 1889 in
1477 1862 1593 1903 pago
1633 1852 1788 1890 nostro
1828 1852 1873 1889 et
1914 1862 2004 1889 non

311 1915 455 1957 multo
494 1921 595 1971 post
636 1917 757 1958 misit
796 1917 1059 1960 libertinum
1098 1933 1202 1961 cum
1241 1918 1442 1974 imperio,
1484 1923 1536 1960 ut
1576 1918 1734 1960 eodem
1774 1918 1844 1960 die
1884 1933 2004 1960 com-

310 1986 492 2040 pelleret
520 1987 709 2029 rusticos
736 1987 796 2030 ad
821 1989 1135 2040 laborandum,
1165 1989 1244 2046 qui
1271 2004 1346 2032 eos
1373 2004 1396 2032 e
1423 1989 1573 2032 media
1600 1989 1812 2032 concione
1839 1990 2055 2032 bacu1025

309 2057 495 2111 expulit,
522 2072 624 2100 cum
647 2073 825 2102 summa
847 2061 1108 2103 confusione
1130 2060 1279 2103 miseri
1302 2060 1420 2103 illius
1442 2060 1598 2116 patris,
1623 2060 1701 2116 qui
1724 2075 1798 2103 eos
1821 2061 1866 2102 in
1889 2065 2002 2102 tem-

309 2127 432 2181 plum
469 2136 830 2185 congregaverat.
867 2132 994 2174 Tunc
1028 2131 1184 2174 rustici
1218 2131 1281 2173 illi
1317 2132 1378 2174 sic
1412 2131 1553 2174 locuti
1587 2131 1723 2174 fuisse
1758 2131 1999 2174 dicuntur:

309 2198 448 2240 Nobis
484 2199 687 2243 laborare
724 2216 815 2244 non
852 2203 1131 2258 permittitis,
1171 2203 1250 2245 sed
1287 2203 1346 2245 ad
1382 2208 1586 2245 vestrum
1623 2203 1824 2245 laborem
1862 2203 2001 2244 etiam

307 2268 352 2309 in
384 2269 453 2311 die
485 2270 599 2312 festo
631 2273 912 2328 compellitis.
947 2274 1066 2316 Item
1098 2273 1325 2316 dominica
1355 2274 1553 2316 secunda
1584 2274 1794 2317 Octobris
1824 2273 2002 2330 publice

308 2340 515 2383 omnibus
568 2341 834 2386 facultatem
888 2345 1106 2387 concessit
1160 2345 1471 2388 vindemiandi
1523 2345 1569 2387 in
1621 2349 1776 2387 nostro
1829 2349 2052 2387 montem

310 2409 362 2450 In
395 2412 602 2454 curandis
648 2414 782 2456 rebus
827 2415 1024 2458 externis
1057 2421 1184 2458 totus
1217 2421 1284 2458 est
1319 2416 1510 2459 diffusus
1543 2421 1587 2458 et
1621 2420 1800 2471 praeter
1833 2416 2002 2458 damna

307 2478 518 2535 ingentia,
551 2497 666 2538 quae
696 2485 851 2528 intulit
883 2486 929 2528 in
960 2487 1045 2529 illis
1075 2487 1460 2537 administrandis,
1494 2492 1675 2529 tantam
1706 2486 2000 2542 ignominiam

308 2563 396 2591 non
433 2552 575 2595 solum
611 2554 708 2605 sibi,
746 2557 825 2599 sed
859 2558 1070 2600 omnibus
1103 2558 1232 2600 nobis
1269 2563 1313 2600 et
1349 2558 1437 2600 toti
1474 2557 1689 2600 Societati
1725 2556 1996 2606 conciliavit,

309 2627 528 2674 quantam
557 2638 790 2681 nunquam
818 2628 979 2670 habuit
1010 2629 1210 2671 Societas
1238 2629 1284 2670 in
1313 2629 1464 2685 aliquo
1493 2643 1641 2684 regno.
1675 2627 1848 2670 Passim
1877 2627 1997 2669 enim

309 2703 335 2730 a
366 2692 594 2735 catholicis
624 2701 667 2737 et
698 2698 935 2741 haereticis
964 2714 1182 2742 vocamur
1212 2700 1425 2749 crudeles,
1458 2699 1657 2742 immites
1687 2703 1731 2740 et
1763 2698 1916 2740 avari:
1951 2703 2047 2739 et35

309 2761 431 2814 quod
474 2763 555 2804 hac
600 2769 871 2822 tempestate
914 2770 1025 2812 nulli
1068 2770 1186 2812 inter
1229 2785 1384 2812 omnes
1427 2770 1599 2812 nobiles
1642 2768 1996 2824 Transylvaniae

308 2830 561 2875 habeantur
620 2839 896 2882 crudeliores.
959 2842 1019 2882 Et
1068 2855 1123 2883 ne
1184 2841 1306 2896 vulgi
1354 2855 1507 2882 rumor
1555 2840 1765 2882 videatur
1812 2839 1996 2881 omnino

310 2900 606 2945 fundamento
636 2921 795 2958 carere,
828 2911 1018 2953 referam
1049 2911 1222 2967 aliquot
1253 2911 1473 2966 exempla.

425 2973 522 3013 Hac
569 2981 740 3019 aestate
786 2987 1067 3024 accesserunt
1115 2987 1206 3024 tres
1252 2981 1368 3037 pagi,
1417 2995 1611 3037 quorum
1657 2980 1802 3022 coloni
1848 2981 1995 3036 primo

310 3041 597 3084 vehementer
631 3046 943 3093 desiderabant
975 3052 1153 3094 liberari
1187 3066 1214 3094 a
1247 3051 1470 3107 prioribus
1504 3051 1710 3102 dominis,
1759 3051 1839 3093 sed
1871 3056 2047 3107 post-40

309 3124 446 3166 quarn
467 3126 545 3167 per
565 3115 734 3173 aliquot
757 3134 929 3164 menses
960 3138 1082 3166 more
1104 3123 1315 3165 Polonico
1336 3136 1363 3165 a
1382 3128 1537 3165 nostro
1558 3122 1786 3178 praefecto
1808 3122 1994 3165 tractari
