2188 3535
151 218 242 259 1581
279 216 403 259 szept.
440 214 478 258 1]
912 214 989 249 No.
1019 223 1068 260 59
1767 215 1834 256 185

148 333 226 390 qui
252 333 509 389 pastoribus
537 332 746 375 destituti
773 338 891 375 sunt.
923 333 1100 377 Omitto
1127 333 1295 375 multas
1325 331 1434 374 alias
1460 331 1603 381 villas,
1637 330 1698 373 ad
1724 345 1838 386 quas

148 404 404 460 frequenter
433 419 460 447 a
488 403 714 446 nobilibus
742 403 1002 447 invitamur.
1036 404 1225 447 Utinam
1254 418 1343 446 non
1378 402 1612 445 invidisset
1643 402 1837 444 daemon

148 474 258 517 mihi
281 475 570 518 seminarium
592 474 704 516 illud
726 475 1016 530 Ungaricum‚
1042 475 1165 531 quod
1194 474 1346 517 divino
1370 473 1524 517 favore
1547 477 1592 515 et
1615 473 1838 515 bonorum

148 546 346 588 virorum
375 546 554 597 auxilio,
579 559 635 588 ex
656 545 785 588 bonis
810 551 990 589 nostrae
1015 546 1212 589 nationis
1238 547 1411 588 Romae
1442 543 1835 587 constitueramus.

101 635 117 662 5
147 616 330 659 Prodire
357 617 449 660 iam
475 631 530 659 ex
560 617 635 659 illo
667 616 840 672 aliquot
871 617 1003 659 utiles
1034 617 1224 672 operarii
1255 616 1507 672 potuissent
1539 630 1619 671 pro
1650 614 1837 657 necessi-

146 687 320 730 tatibus
351 689 514 730 horum
544 687 757 730 locorum.
793 688 1003 730 Reddent
1036 690 1131 730 Deo
1163 687 1398 738 rationem,
1433 686 1511 743 qui
1532 685 1838 729 dissolutionis

146 757 262 801 illius
289 773 426 802 causa
457 759 652 801 fuerunt.

278 830 489 886 Superest
516 834 568 872 ut
597 830 651 872 de
679 844 744 879 eo,
774 830 897 886 quod
924 834 1151 886 postremo
1178 830 1275 872 1000
1302 828 1629 885 proposuimus,
1665 826 1837 884 aliquid

147 900 387 944 dicendum
417 915 510 944 esse
541 901 762 944 videatur.

99 990 133 1018 10
277 973 507 1023 Haereses,
533 986 649 1028 quae
682 972 729 1014 in
762 973 847 1015 hoc
881 986 1016 1028 regno
1051 976 1323 1028 grassantur.
1347 975 1543 1026 quatuor
1576 974 1682 1012 sunt
1717 968 1837 1025 prin-

146 1042 337 1098 cipales:
393 1044 665 1092 Lutherana,
716 1043 1087 1092 Sacramentaria,
1141 1041 1548 1097 Anabaptistarum
1599 1045 1644 1082 et
1694 1039 1837 1082 Trini-

145 1113 376 1156 tariorum.
425 1115 685 1156 Lutherana
729 1128 809 1170 per
854 1115 1052 1157 Saxones
1097 1113 1214 1156 circa
1259 1126 1430 1155 annum
1479 1111 1664 1154 Domini
1711 1121 1836 1164 1541,

145 1185 328 1240 quando
360 1185 492 1227 Buda
526 1190 572 1227 et
604 1185 879 1241 Strigonium
920 1185 1202 1240 perierunt‚1⁷
1242 1183 1329 1226 fuit
1367 1182 1640 1225 introducta.
1683 1182 1837 1223 Sacra-

144 1256 367 1298 mentaria
391 1261 435 1298 et
461 1256 868 1312 Anabaptistarum
911 1270 1003 1298 non
1026 1255 1171 1298 multo
1208 1259 1311 1311 post
1348 1267 1427 1309 per
1462 1253 1655 1296 eosdem.
1694 1251 1837 1294 Trini-

98 1344 132 1371 15
145 1326 261 1369 taria
302 1327 564 1370 introducta
606 1331 673 1369 est
717 1327 834 1369 circa
876 1341 1045 1369 annum
1094 1325 1277 1369 Domini
1322 1326 1432 1379 1560
1475 1339 1554 1380 per
1595 1323 1837 1378 Georgium

145 1397 455 1449 Blandratam‚
497 1398 723 1440 medicum
776 1397 1065 1440 Patavinum‚
1121 1398 1379 1453 Propagata
1431 1400 1585 1438 autem
1637 1399 1706 1437 est
1758 1407 1838 1449 per

145 1468 414 1524 discipulum
460 1468 554 1511 eius
600 1468 890 1510 Franciscum
937 1468 1127 1511 Davidis
1174 1468 1411 1517 Saxonem,
1465 1466 1543 1523 qui
1589 1480 1693 1508 cum
1740 1469 1836 1506 tam

145 1539 376 1590 Saxonica‚
407 1553 546 1595 quam
570 1539 798 1595 Ungarica
822 1539 974 1594 lingua
1000 1539 1197 1595 perfecte
1222 1539 1575 1587 concionaretur,
1595 1541 1838 1591 utramque

142 1609 374 1652 nationem
405 1610 694 1652 concionibus
726 1614 770 1652 et
802 1610 926 1652 libris
956 1610 1183 1666 impressis
1214 1610 1342 1653 facile
1375 1610 1421 1652 in
1456 1623 1585 1651 suam
1616 1605 1837 1664 pertraxit

96 1697 130 1724 20
142 1680 428 1723 sententiam.
458 1681 709 1724 Blandrata
730 1681 879 1724 adhuc
904 1681 1021 1724 vivit
1043 1686 1089 1723 et
1111 1681 1258 1723 adhuc
1289 1681 1489 1724 medicus
1515 1684 1582 1722 est
1609 1677 1835 1735 principis,

142 1751 257 1794 sicut
288 1751 436 1795 fuerat
480 1757 628 1802 antea,
676 1753 813 1795 homo
843 1753 962 1795 altae
993 1757 1195 1794 staturae
1226 1757 1270 1795 et
1301 1752 1495 1808 oblonga
1524 1765 1637 1793 cana
1665 1749 1833 1792 barba:

142 1822 348 1865 visitavit
380 1823 610 1865 infirmum
642 1828 849 1866 nostrum
882 1828 1060 1880 patrem
1095 1823 1377 1866 Ludovicum
1411 1821 1661 1879 aliquoties,
1697 1818 1836 1863 medi-

143 1893 265 1936 cinas
287 1894 588 1950 praescripsit,
614 1894 693 1936 sed
716 1895 827 1936 nihil
850 1895 1130 1950 profuerunt.
1162 1895 1426 1937 Franciscus
1450 1893 1639 1937 Davidis
1663 1892 1836 1946 aliquot

142 1964 370 2007 mensibus
403 1970 509 2007 ante
540 1970 746 2008 nostrum
777 1965 823 2008 in
853 1965 1229 2022 Transylvaniam
1260 1966 1508 2021 ingressum
1540 1964 1660 2007 mala
1690 1965 1836 2005 morte

95 2035 328 2091 25periit.18
366 2037 478 2078 Erat
515 2036 587 2078 hic
623 2036 693 2079 vir
729 2042 970 2092 provectae
1007 2037 1184 2087 aetatis,
1219 2037 1422 2080 acerrimi
1453 2035 1631 2091 ingenii,
1665 2031 1836 2076 tenacis

142 2106 396 2156 memoriae,
435 2107 482 2149 in
518 2107 653 2149 sacris
688 2107 827 2150 literis
863 2108 1208 2157 versatissimus,
1251 2109 1317 2150 ita
1352 2113 1404 2150 ut
1441 2107 1669 2150 videretur
1704 2108 1837 2146 vetus

143 2182 188 2219 et
217 2192 389 2221 novum
418 2182 746 2220 testamentum
775 2179 835 2221 ad
862 2193 1060 2234 unguem
1091 2184 1255 2222 tenere.
1277 2178 1555 2234 Disputavit‚
1589 2180 1836 2230 antequam

142 2262 224 2291 nos
253 2249 538 2299 intraremus,
573 2263 724 2291 coram
754 2249 878 2305 regni
908 2250 1166 2306 proceribus
1188 2264 1291 2292 cum
1314 2248 1569 2292 Calvinistis
1601 2252 1646 2289 et
1668 2245 1834 2288 Luthe-

141 2320 275 2370 ranis,
315 2320 393 2362 sed
430 2334 585 2362 omnes
622 2320 750 2362 facile
788 2321 1031 2376 superavit.
1076 2322 1174 2363 Mos
1211 2321 1305 2363 eius
1342 2324 1438 2362 erat
1475 2318 1719 2374 scripturas
1757 2327 1835 2370 per

94 2390 387 2446 aoscripturas
409 2391 643 2447 explicare.
674 2391 875 2447 Cumque
896 2391 959 2432 illi
987 2391 1238 2434 contrarius
1260 2390 1420 2446 aliquis
1441 2390 1564 2432 100115
1587 2387 1834 2443 scripturae

142 2466 301 2504 contra
337 2462 430 2504 eius
465 2462 685 2504 haeresim
722 2462 1001 2511 obiiceretur,
1039 2461 1295 2517 proferebat
1337 2460 1487 2503 subito
1524 2459 1688 2502 similes
1725 2456 1835 2499 alios

143 2546 198 2574 ex
221 2533 360 2575 verbo
384 2533 469 2575 Dei
492 2533 624 2582 locos,
652 2532 729 2588 qui
753 2547 833 2589 pro
858 2546 939 2574 sua
967 2532 1192 2574 sententia
1215 2532 1360 2574 iacere
1381 2531 1667 2579 videbantur,
1694 2532 1834 2583 atque

143 2616 198 2645 ex
232 2603 318 2646 illis
353 2603 590 2659 colligebat
642 2603 867 2646 obiectam
903 2617 1082 2659 quoque
1118 2604 1176 2645 ab
1212 2602 1467 2646 adversario
1503 2600 1832 2645 authoritatem

142 2673 276 2716 simili
297 2674 433 2717 modo
456 2689 549 2717 esse
571 2674 922 2729 intelligendam.
949 2675 1132 2716 Novum
1155 2678 1484 2716 testamentum
1505 2673 1552 2715 in
1573 2672 1627 2714 iis
1649 2674 1834 2713 tantum

95 2744 448 2801 35recipiendum
487 2745 654 2795 docuit,
695 2745 742 2787 in
781 2744 945 2801 quibus
984 2759 1087 2787 cum
1126 2745 1268 2787 veteri
1306 2743 1592 2787 consentiret.
1633 2738 1833 2797 Negavit

143 2819 294 2858 toturn
318 2816 517 2872 primum
540 2820 679 2872 caput
704 2816 798 2859 divi
823 2815 1013 2871 Joannis
1033 2829 1040 2858 :
1069 2816 1209 2858 verba
1232 2815 1307 2858 illa
1331 2815 1531 2858 Mathaei
1555 2815 1609 2858 28
1631 2827 1639 2856 :
1666 2814 1832 2856 Euntes

142 2887 192 2928 in
234 2888 447 2929 mundum
488 2889 752 2936 universum,
798 2887 935 2929 docete
978 2901 1122 2928 omnes
1166 2891 1319 2942 gentes,
1366 2887 1629 2943 baptisantes
1671 2897 1739 2926 eos
1781 2883 1833 2924 in

143 2958 316 3000 nomine
349 2959 498 3001 Patris
533 2963 570 3001 et
604 2959 718 3001 Filii
751 2963 788 3000 et
822 2958 1018 3014 Spiritus
1052 2957 1205 3000 Sancti
1222 2971 1239 3005 ,·
1275 2957 1390 3000 dixit
1425 2956 1704 3000 additionem
1738 2966 1833 2995 esse

272 3069 302 3090 ¹⁷
330 3071 448 3105 Buda
475 3071 596 3105 eleste
624 3071 718 3106 ον01
745 3071 915 3106 hibasan
942 3070 1022 3104 irta
1048 3070 1141 3116 igy:
1177 3079 1302 3115 1540;
1330 3071 1564 3116 Esztergom
1591 3070 1710 3116 pedig
1737 3068 1833 3102 csak

97 3135 133 3162 4ο
150 3135 242 3171 1543
272 3128 427 3172 nyaran
454 3129 584 3173 jutott
611 3130 730 3164 torok
754 3130 882 3164 kezre.

273 3186 304 3207 ²⁸
330 3188 508 3233 Meghalt
527 3189 683 3231 Dievzin,
709 3199 804 3234 1579
824 3189 1042 3224 november
1063 3189 1154 3232 7-011
1169 3201 1179 3229 ;
1198 3190 1326 3224 sokak
1344 3189 1492 3224 szerint
1510 3189 1681 3224 hibasan
1705 3186 1831 3231 15-011.
