2188 3535
258 148 328 182 118
1017 138 1091 172 ΝΟ·
1124 148 1171 184 45
1698 138 1820 184 [1580
1848 137 1945 183 vege

372 263 419 304 P.
448 261 704 316 Stephanus
718 259 894 304 Arat0r‚
921 259 1023 311 post
1049 254 1222 310 aliquot
1247 255 1383 298 serias
1407 255 1738 298 admonitiones
1762 255 1875 310 gerit
1899 269 1946 298 se

256 333 390 376 modo
410 346 489 387 per
508 330 590 373 Dei
610 329 804 384 gratiam
823 326 934 368 satis
953 326 1080 375 bene,
1103 326 1314 381 quamvis
1333 340 1457 369 more
1478 340 1559 368 suo
1579 330 1646 367 est
1675 325 1870 368 difficilis
1888 325 1948 368 ad

255 401 573 457 abnegandum
604 398 837 455 proprium
874 395 1092 438 iudicium
1130 400 1176 437 et
1215 396 1517 439 voluntatem.
1561 395 1865 438 Concionatur
1901 396 1948 438 in

257 473 443 515 civitate
465 476 509 512 et
532 474 657 511 totus
678 472 746 510 est
780 468 827 509 in
848 466 1173 522 praeparandis
1194 471 1239 509 et
1261 467 1508 509 scribendis
1530 466 1621 508 suis
1642 465 1944 509 concionibus.

255 545 423 585 Verum
451 541 510 582 ad
538 539 786 595 principem
815 542 859 579 et
889 537 949 579 ad
977 536 1087 579 alios
1116 537 1236 579 viros
1263 551 1424 593 graves
1453 542 1498 579 et
1527 536 1692 579 iudicio
1721 537 1950 592 praeditos
1979 545 1997 572 5

256 627 346 655 non
381 611 515 659 valet,
554 624 657 651 cum
691 608 814 650 nullo
850 607 941 649 fere
975 607 1140 650 iudicio
1176 608 1236 650 ad
1270 608 1564 650 tractandum
1599 621 1703 649 curn
1737 608 1948 658 externis,-

257 697 337 725 nec
383 680 625 737 prudentia
670 679 727 721 sit
774 678 1020 734 praeditus.
1070 679 1118 720 P.
1167 678 1369 733 Joannes
1415 678 1612 720 Lelesius
1658 677 1952 720 concionatur

257 751 446 808 principi
482 756 527 793 et
564 755 632 793 est
669 754 844 798 cautus,
884 748 1081 804 prudens
1117 753 1163 791 et
1200 749 1365 792 iudicio
1402 748 1647 804 praeditus,
1687 747 1759 790 cui
1795 753 1949 790 tamen

256 822 483 864 interdum
517 821 772 877 plusculum
803 819 1021 875 indulget.
1053 820 1222 861 Verum
1256 824 1301 862 et
1335 819 1409 862 hic
1442 819 1577 862 valde
1611 823 1679 861 est
1714 818 1872 861 debilis
1906 823 1950 861 et

257 893 432 935 assidue
456 892 545 934 fere
567 906 671 934 cum
693 890 862 933 morbis
890 889 1190 932 conflictatur.
1223 891 1270 933 P.
1301 890 1522 945 Georgius
1549 889 1690 932 Toros
1717 889 1856 932 etiam
1883 893 1951 932 est
1967 897 2001 925 10

256 963 366 1006 satis
401 963 572 1012 debilis,
609 976 690 1004 nec
725 962 923 1004 multum
953 961 1092 1003 habet
1127 961 1300 1016 gratiae
1334 961 1382 1002 in
1416 959 1740 1010 concionando,
1777 974 1859 1002 nec
1893 959 1952 1002 ad

258 1034 617 1077 conversandum
652 1033 802 1074 adhuc
838 1032 1035 1074 multum
1072 1031 1195 1074 valet
1232 1045 1336 1074 cum
1372 1030 1581 1073 externis.

375 1098 472 1147 Rdae
506 1103 803 1146 Paternitatis
835 1103 958 1144 Tuae
992 1116 1149 1144 servus
1182 1102 1228 1143 in
1263 1101 1441 1144 Christo
1474 1102 1585 1156 Jesu

1217 1173 1418 1227 Jacobus
1450 1171 1747 1228 Vagrovicius
1779 1186 1892 1228 mpr.

376 1280 423 1321 P.
475 1278 734 1320 Ludovicus
782 1277 1054 1320 Odescalcus
1101 1277 1287 1319 tametsi
1333 1277 1406 1319 hic
1453 1276 1659 1319 nondum
1706 1281 1774 1319 est
1822 1277 1955 1319 valde
1970 1285 2005 1313 15

259 1354 523 1405 occupatus,
562 1354 629 1390 est
668 1353 823 1390 tamen
859 1348 1034 1403 eritque
1071 1347 1338 1389 utilissimus
1374 1347 1479 1389 huic
1516 1347 1714 1402 collegio.
1755 1348 1875 1389 Nam
1911 1352 1956 1389 et

259 1434 412 1462 coram
438 1419 639 1475 principe
666 1418 962 1460 concionatus
988 1422 1056 1460 est
1083 1418 1224 1459 latine
1248 1432 1330 1475 per
1356 1417 1531 1473 aliquot
1559 1431 1735 1460 menses
1761 1422 1806 1460 et
1834 1417 1959 1474 apud

260 1495 471 1532 externos
511 1490 709 1531 multum
749 1489 888 1530 habet
930 1488 1231 1530 auctoritatis.
1277 1489 1422 1530 Docet
1450 1488 1522 1530 hic
1550 1502 1700 1530 sacras
1727 1488 1954 1530 lectiones.

262 1562 323 1603 Et
347 1560 425 1602 ubi
448 1559 645 1615 primum
669 1559 714 1600 in
738 1559 926 1600 civitate
950 1559 1180 1607 fuerimus,
1206 1558 1374 1613 poterit
1398 1572 1480 1600 nos
1504 1558 1701 1600 multum
1725 1558 1954 1600 adiuvare.

389 1665 600 1707 Kulczime
617 1680 630 1705 .·
668 1666 911 1705 Admodum
952 1659 1031 1706 Rd⁰
1055 1666 1096 1704 in
1138 1665 1302 1705 Christo
1331 1666 1448 1704 Patri
1476 1666 1520 1704 P.
1550 1666 1733 1704 Oliverio
1761 1666 1959 1705 Manareo
1974 1673 2010 1701 20

259 1726 416 1765 vicario
459 1725 641 1777 generali
681 1725 903 1764 Societatis
944 1726 1059 1776 Jesu,
1090 1725 1157 1763 vel
1184 1724 1286 1764 alias
1326 1725 1460 1763 electo
1500 1725 1741 1776 praeposito
1780 1724 1962 1776 generali

258 1785 447 1824 eiusdem
475 1785 696 1825 Societatis
725 1784 840 1835 Jesu.
871 1785 1045 1823 Romae.

551 1873 742 1916 (Eredeti,
770 1872 993 1918 sajatkezi'i‚
1023 1884 1046 1907 a
1075 1873 1371 1918 Jezsuita—rend
1398 1872 1704 1916 leveltaraban.)

1084 2013 1155 2057 45.

746 2111 1162 2164 [Kolozsmonoston
1199 2112 1314 2165 1580
1345 2112 1486 2167 veiga]
1979 2131 2016 2160 25

413 2216 449 2254 A
481 2215 857 2254 kolozsmonostori
886 2215 1081 2267 apatsagi
1111 2215 1312 2267 joszagok
1346 2215 1529 2266 158o-iki
1559 2215 1816 2256 urbariuma.

393 2308 565 2347 Summa
608 2308 839 2347 reddituum
882 2308 1063 2348 abbatiae,
1106 2310 1254 2348 Beatae
1302 2309 1491 2361 Virginis
1533 2310 1700 2349 Mariae
1743 2309 1788 2348 de
1832 2309 1965 2349 Colos-

265 2371 481 2413 mouostra,
513 2380 612 2418 quae
638 2367 751 2405 habet
775 2371 904 2419 pagos
931 2371 1020 2406 tres.

947 2484 980 2524 Ι.
1024 2485 1270 2525 Monostor.

386 2573 440 2614 In
467 2574 552 2614 hoc
580 2587 696 2629 pago
725 2578 832 2616 sunt
860 2574 1008 2617 coloni
1037 2575 1132 2617 160.
1164 2575 1254 2617 Sed
1274 2589 1329 2617 ex
1351 2574 1421 2617 his
1449 2579 1633 2617 tantum
1662 2588 1717 2630 39
1739 2579 1862 2626 sunt,
1890 2577 2018 2632 qui30

270 2643 440 2684 habent
474 2644 625 2686 boves.
660 2644 836 2687 Viduae
868 2650 976 2686 sunt
1007 2658 1077 2700 43.
1113 2647 1288 2688 Domus
1321 2645 1525 2687 desertae
1557 2650 1664 2687 sunt
1696 2657 1765 2699 24.
1801 2646 1969 2687 Census

271 2726 449 2754 annuus
476 2713 608 2756 villae
629 2715 672 2756 fl.
697 2716 766 2769 48.
797 2715 966 2758 Census
989 2716 1113 2758 tertii
1139 2716 1358 2772 cuiusque
1384 2716 1492 2758 anni
1518 2717 1560 2758 fl.
1591 2726 1646 2769 50
1672 2720 1717 2757 et
1744 2716 1825 2757 bos
1851 2730 1970 2758 unus

271 2783 391 2824 sinat
413 2797 422 2833 ;
466 2784 544 2839 qui
585 2785 621 2826 si
663 2785 966 2828 distribuatur
1005 2787 1051 2828 in
1092 2786 1291 2842 singulos
1333 2800 1489 2835 annos,
1533 2786 1769 2842 proveniet
1810 2800 1970 2828 census

272 2867 451 2895 annuus
480 2854 522 2895 fl.
556 2867 623 2909 73.
657 2857 726 2898 Ex
756 2856 1017 2899 molendino
1046 2857 1252 2899 triticum
1282 2856 1412 2898 annis
1441 2856 1626 2912 singulis
1655 2861 1807 2912 potest
1837 2857 1970 2898 aesti-

273 2924 387 2965 mari
426 2923 603 2966 circiter
641 2927 683 2967 fl.
726 2938 824 2968 200.
868 2927 1095 2969 Redditus
1134 2927 1291 2969 telonii
1330 2941 1509 2969 annuus
1548 2931 1700 2982 potest
1741 2927 1971 2969 aestimari
1985 2942 2021 2970 35

274 2993 460 3049 singulis
487 2995 617 3037 annis
644 2996 820 3038 circiter
846 2998 888 3039 fl.
919 3010 987 3052 70.
1018 2997 1220 3040 Gallinas
1248 2997 1360 3039 dant
1388 2997 1456 3039 bis
1483 2997 1529 3038 in
1556 3011 1676 3039 anno
1703 3012 1758 3039 ex
1785 2997 1971 3052 singulis

274 3063 498 3114 domibus,
530 3080 647 3121 quae
677 3067 907 3109 aestimari
937 3072 1128 3124 possunt
1159 3069 1201 3110 fl.
1234 3081 1273 3124 9.
1307 3068 1543 3110 Habemus
1572 3067 1740 3110 ibidem
1770 3067 1971 3123 lapicidi-
