2188 3535
158 210 248 254 1581
285 217 374 251 aug.
414 207 475 250 18]
924 205 998 239 No.
1037 214 1081 251 57
1778 210 1846 246 153

156 330 344 381 partem,
385 338 523 380 quam
560 324 645 365 hoc
682 337 802 365 anno
838 323 1051 365 haeretici
1086 322 1379 371 ediderunt‚1¹
1410 321 1502 363 iarn
1532 319 1630 376 legi,
1665 319 1847 374 plenam

156 395 406 438 maledictis
440 400 485 437 et
520 394 811 449 blasphemiis
843 393 890 435 in
924 394 1137 449 Jesuitas,
1173 395 1219 436 in
1250 392 1524 448 pontificem,
1573 389 1848 432 ceremonias

155 472 200 509 et
236 470 518 508 sacramenta
553 470 637 507 etc.
693 466 785 507 Nec
821 464 993 507 deesset
1028 465 1170 507 nostri
1206 464 1382 507 animus
1417 461 1638 505 scribendi
1673 460 1849 516 aliquas

156 536 390 579 conciones
442 537 501 579 ad
552 536 909 578 confirmandam
961 536 1096 578 fidem
1155 534 1424 578 catholicam
1477 538 1521 576 et
1575 531 1849 588 detegendas

109 619 125 645 5
156 607 354 663 ipsorum
395 607 682 662 imposturas,
726 607 762 648 si
802 606 938 649 modo
979 608 1089 649 haec
1131 606 1264 648 fuerit
1307 605 1518 648 voluntas
1565 602 1849 646 obedientiae

157 683 351 728 sanctae,
386 692 412 720 a
443 677 569 720 cuius
599 677 875 733 praescripto
920 692 1000 719 nec
1041 678 1185 720 latum
1226 690 1422 732 unguem
1463 676 1566 718 volo
1608 673 1844 716 discedere.

158 750 217 791 Et
244 750 389 791 habeo
416 749 509 791 iam
536 763 639 791 cum
666 748 805 804 ipsius
832 748 983 790 nuncii
1012 748 1259 803 apostolici,
1290 752 1390 789 tum
1418 746 1665 789 multorum
1694 744 1850 786 docto-

156 834 256 862 rum
273 820 509 862 hominum
526 825 623 862 tam
641 825 943 869 externorum,
961 833 1098 875 quam
1117 824 1374 861 nostrorum
1388 832 1441 860 ea
1455 817 1511 860 de
1525 831 1570 859 re
1585 815 1848 864 sententias,

157 890 235 946 qui
261 895 442 933 censent
470 891 653 933 omnino
680 905 773 932 esse
798 890 902 932 huic
929 890 1140 932 scandalo
1167 889 1518 932 occurrendum:
1547 892 1703 930 tamen
1728 885 1850 929 malo

111 979 145 1005 ιο
156 961 279 1017 prius
308 967 455 1004 totam
484 976 578 1004 rem
607 976 710 1004 curn
740 963 793 1004 R.
820 962 867 1003 P.
905 961 1175 1004 Provinciali
1203 960 1439 1015 diligenter
1466 963 1511 1001 et
1540 958 1717 1014 copiose
1746 971 1849 998 con-

158 1032 270 1075 ferre
305 1038 350 1075 et
385 1033 489 1075 inde
525 1032 584 1075 ad
620 1034 673 1075 R.
713 1034 760 1075 P.
798 1033 945 1075 Tuam
979 1032 1152 1074 referre.
1191 1032 1311 1073 Nam
1346 1030 1382 1072 si
1417 1029 1528 1072 mihi
1563 1028 1850 1071 scribendum

158 1108 287 1153 esset,
323 1104 567 1159 indigerem
602 1108 647 1145 et
680 1103 804 1145 libris
837 1103 1006 1152 multis,
1043 1116 1155 1159 quos
1188 1102 1260 1144 hic
1294 1115 1385 1143 non
1418 1101 1652 1149 habemus,
1673 1104 1717 1141 et
1752 1098 1852 1140 aliis

159 1174 444 1230 quibusdam.
486 1174 574 1216 Sed
602 1175 726 1224 haec,
760 1179 811 1216 ut
843 1174 950 1223 dixi,
984 1179 1142 1229 postea
1172 1172 1388 1229 pluribus.
1424 1172 1603 1213 Interea
1635 1168 1852 1226 quicquid

159 1245 269 1288 mihi
292 1260 319 1288 a
341 1245 643 1302 superioribus
665 1245 775 1287 meis
796 1245 1051 1287 iniunctum
1074 1244 1223 1293 suerit,
1243 1243 1355 1285 illud
1377 1241 1596 1285 divinitus
1619 1241 1850 1282 decretum

113 1331 147 1359 15
160 1316 426 1359 arbitrabor.

275 1389 342 1430 De
375 1388 422 1429 P.
457 1387 687 1429 Ludovico
719 1391 915 1441 aegroto,
949 1386 1061 1428 illud
1092 1385 1231 1428 etiam
1262 1384 1525 1427 occurrebat
1558 1384 1612 1426 R.
1647 1383 1696 1424 P.
1729 1382 1853 1424 Tuae

160 1458 516 1514 proponendum,
559 1457 681 1513 quod
720 1457 830 1499 mihi
870 1457 1090 1512 suggessit
1132 1458 1178 1498 P.
1222 1455 1611 1503 Bartholomaeus,
1654 1452 1778 1509 quod
1817 1451 1853 1493 si

159 1528 342 1571 omnino
376 1528 525 1570 locum
559 1533 737 1570 mutare
772 1527 969 1577 deberet,
1006 1527 1053 1569 id
1087 1527 1210 1583 quod
1243 1531 1399 1569 tamen
1432 1525 1565 1568 valde
1600 1524 1760 1566 dubito
1796 1537 1854 1565 an

160 1599 253 1641 fieri
294 1598 449 1655 possit,
493 1603 678 1654 propter
717 1598 834 1640 illius
874 1613 1088 1653 magnam
1129 1598 1413 1640 debilitatem
1453 1601 1498 1639 et
1539 1595 1700 1638 febrim
1741 1593 1854 1636 ethi-

113 1684 147 1712 ρο
161 1685 260 1713 carn
280 1685 287 1713 :
321 1675 430 1712 tunc
452 1669 734 1712 commodius
756 1669 872 1711 sorte
894 1683 973 1725 per
995 1669 1245 1724 Ragusium
1267 1669 1312 1710 in
1335 1668 1518 1710 Italiam
1545 1666 1668 1709 mitti
1697 1665 1852 1721 possit,

161 1741 318 1783 eadem
346 1740 434 1791 via,
465 1755 556 1796 qua
584 1742 631 1783 P.
662 1740 1040 1783 Bartholomaeus
1068 1740 1207 1789 venit,
1238 1754 1317 1795 per
1343 1740 1665 1782 Temesvarum
1694 1749 1855 1791 nempe

161 1817 205 1854 et
234 1812 522 1867 Belgradum‚
556 1826 837 1867 quamquam
863 1816 907 1853 et
936 1811 1040 1854 illuc
1069 1826 1234 1866 magna
1263 1815 1330 1853 est
1358 1809 1659 1866 hospitiorum
1687 1808 1854 1849 incom-

160 1883 358 1925 moditas
380 1887 424 1925 et
448 1882 725 1925 medicorum
747 1882 912 1938 inopia.
939 1882 985 1925 Si
1007 1887 1162 1925 tamen
1187 1882 1436 1938 Ragusium
1458 1894 1600 1936 usque
1623 1878 1856 1936 pervenire

162 1959 326 2010 posset,
366 1954 458 1996 iam
496 1953 638 1996 veluti
676 1953 722 1995 in
760 1959 895 2009 portu
933 1953 1181 2009 navigaret.

113 2038 148 2066 25
277 2024 611 2081 Discipulorum
646 2029 904 2067 nostrorum
938 2038 1152 2067 numerus
1187 2024 1392 2080 pervenit
1428 2023 1518 2065 iam
1554 2022 1644 2064 fere
1679 2021 1739 2063 ad
1773 2032 1856 2061 200

162 2100 206 2138 et
239 2110 293 2138 ex
325 2096 394 2138 his
424 2095 606 2152 plurimi
638 2100 743 2137 sunt
776 2095 999 2145 catholici,
1041 2096 1118 2151 qui
1158 2095 1298 2138 etiam
1338 2095 1612 2136 confitentur
1650 2097 1695 2134 et
1736 2105 1854 2133 com-

164 2166 397 2209 municant
446 2166 738 2223 frequentius.
788 2166 861 2209 Ad
908 2166 1075 2209 festum
1122 2165 1458 2221 Assumptionis
1506 2166 1557 2206 B.
1592 2164 1643 2206 V.
1688 2161 1856 2204 Mariae
1871 2172 1944 2203 Aug·
1971 2179 2016 2204 15-

163 2237 555 2280 communicarunt
584 2237 630 2279 in
660 2237 830 2293 templo
860 2242 1014 2279 nostro
1043 2237 1165 2279 ultra
1197 2249 1291 2285 120,
1324 2236 1447 2292 quod
1475 2240 1594 2277 certe
1624 2231 1856 2289 permagni

165 2308 382 2351 ducimus.
414 2308 556 2351 Albae
579 2308 727 2363 Juliae
758 2308 897 2350 etiam
932 2308 1324 2350 communicarunt
1359 2320 1450 2348 non
1485 2304 1631 2361 pauci,
1665 2317 1857 2360 quorum

115 2392 402 2422 aonumerum
442 2379 590 2422 adhuc
629 2379 899 2434 ignoramus.
943 2379 1192 2421 Redierunt
1232 2378 1371 2420 etiam
1411 2375 1550 2432 aliqui
1589 2376 1648 2417 ab
1686 2372 1858 2416 haeresi

165 2450 224 2492 ad
248 2450 385 2493 fidem
411 2450 682 2493 catholicam
707 2450 791 2491 hoc
819 2449 947 2499 festo,
977 2449 1054 2505 qui
1081 2454 1216 2491 antea
1242 2462 1477 2503 nunquam
1503 2445 1693 2488 confessi
1718 2445 1854 2486 fuere.

165 2520 300 2563 Mitto
336 2523 390 2564 R.
429 2523 477 2564 P.
514 2522 638 2563 Tuae
673 2520 930 2576 exemplum
964 2520 1197 2562 literarum
1232 2519 1345 2574 regis
1380 2518 1440 2560 ad
1473 2531 1567 2566 nos,
1605 2531 1660 2559 ex
1694 2515 1859 2572 quibus

166 2605 391 2635 summam
418 2592 558 2648 ipsius
584 2606 688 2647 erga
714 2605 796 2634 nos
822 2591 1185 2633 benevolentiam
1212 2589 1444 2644 intelliget.
1473 2587 1679 2630 Abduxit
1707 2600 1858 2628 secum

165 2662 212 2704 in
243 2663 519 2706 Moscoviam
551 2677 642 2705 non
669 2662 809 2705 modo
842 2663 889 2704 P.
925 2662 1225 2712 Laternam,¹2
1272 2660 1634 2702 concionatorem
1665 2657 1860 2700 latinum

119 2743 154 2771 35
167 2746 312 2784 suum,
349 2734 428 2776 sed
461 2734 600 2776 etiam
636 2735 684 2776 P.
723 2734 935 2788 Scargam
969 2737 1188 2774 rectorem
1222 2732 1494 2780 Vilnensem,
1530 2735 1582 2772 ut
1618 2729 1859 2772 Polocense

168 2805 401 2860 collegium
430 2805 642 2847 fundaret
672 2809 716 2846 et
747 2804 801 2846 de
832 2803 1014 2859 Rigensi
1042 2803 1089 2844 in
1118 2802 1308 2845 Livonia
1336 2801 1545 2857 erigendo
1575 2801 1855 2843 deliberaret.

169 2874 358 2918 Utinam
381 2881 426 2918 et
451 2875 692 2919 Cracoviae
716 2875 881 2917 nostris
905 2874 1175 2930 provideret.
1203 2875 1333 2916 Esset
1359 2873 1478 2915 enim
1502 2872 1578 2914 illa
1601 2877 1859 2914 nostrorum

169 2945 410 2989 residentia
442 2961 617 2990 summe
650 2946 899 2988 necessaria
931 2944 1326 3001 Transylvaniensi
1360 2943 1555 2999 collegio.
1594 2942 1706 2985 Inde
1739 2941 1859 2983 enim

169 3014 319 3067 libros,
360 3031 533 3072 pannos
564 3022 609 3059 et
642 3017 730 3059 alia
760 3016 1009 3059 necessaria
1044 3015 1252 3071 petimus.
1305 3015 1391 3057 Sed
1422 3015 1478 3056 de
1517 3014 1586 3056 his
1625 3015 1858 3055 hactenus,

123 3125 158 3151 40
174 3095 1669 3163 mma
1684 3115 1861 3148 mnesen.

301 3174 330 3195 ¹2
359 3174 402 3209 P.
432 3175 608 3211 Laterna
635 3176 796 3211 Marton
824 3175 1005 3220 jezsuita.
