2188 3535
208 202 306 247 1580
334 198 418 245 apr.
459 200 518 243 11]
969 197 1042 233 No.
1079 209 1124 244 37
1823 205 1892 242 103

328 314 540 355 Kulczime
559 327 572 353 .·
598 309 677 352 Rd⁰
698 314 741 352 in
779 314 944 353 Christo
981 313 1105 365 patri,
1141 313 1257 352 Patri
1283 312 1503 351 Francisco
1530 311 1733 358 Sunierio,
1761 311 1893 350 Socie-

200 374 302 413 tatis
323 374 426 424 Jesu
445 385 520 424 per
539 371 757 411 Poloniam
776 377 820 411 et
845 372 1216 425 Transylva[niam
1247 371 1504 423 praep]osito
1536 370 1783 422 provinciali
1813 374 1896 409 etc.

202 432 384 483 [Amico]
414 444 491 471 suo
519 431 915 471 observandissimo.

321 526 489 566 Alatta:
517 525 731 577 Acceptae
758 524 822 565 26.
852 525 1009 577 Aprilis
1041 525 1158 575 1580.
1189 526 1321 577 Legat
1354 525 1481 564 Pater
1510 523 1677 564 Noster.

152 614 170 642 5
600 619 792 662 ffiredeti,
822 630 845 653 a
874 619 1168 664 Jezsuita-rend
1196 618 1499 659 leveltaraban.)

1015 760 1084 803 37.

632 861 1021 908 Kolozsmonostor,
1056 862 1171 915 1580
1202 861 1361 916 ciprilis
1394 873 1462 902 ΙΙ.

256 965 301 1004 Ρ.
336 964 489 1015 Wujek
520 964 661 1015 Jakab
693 966 837 1005 rektor
867 965 1045 1017 Caligari
1077 965 1147 1016 pk.
1180 964 1505 1016 lengyelorszagi
1539 962 1841 1002 nuncziusnak.

330 1058 365 1097 A
402 1058 598 1109 jezsuim'k
631 1058 754 1110 buzgo
786 1059 1009 1098 mz'ikodbse.
1044 1060 1078 1098 A
1115 1058 1281 1098 tanul<5k
1313 1058 1563 1109 elo'le'ptetese.
1598 1057 1659 1095 ΑΖ
1691 1057 1737 1107 zzj
1768 1056 1898 1095 iskola

154 1126 189 1153 10
202 1118 322 1157 tervei
347 1119 386 1157 ἐς
413 1119 556 1170 epitasi
580 1122 697 1170 izgye.
726 1119 760 1158 A
791 1120 869 1171 πέρ
896 1120 1050 1158 Ῐιάευὲίί
1076 1119 1308 1158 kormenete.

318 1212 709 1256 Reverendissime
739 1213 933 1262 domine,
966 1212 1147 1255 domine
1177 1217 1221 1254 et
1252 1216 1443 1267 patrone
1474 1209 1894 1252 observandissime.

317 1283 418 1325 Etsi
434 1283 747 1326 P.Ludovicus
769 1286 784 1314 1
803 1283 914 1326 satis
937 1283 1115 1338 copiose
1137 1281 1395 1337 perscripsit
1418 1280 1478 1322 ad
1496 1282 1617 1322 Rmam
1631 1280 1701 1321 Do
1722 1294 1728 1322 :
1752 1280 1897 1322 Tuam

200 1354 354 1396 omnia
366 1368 493 1409 pene,
509 1368 625 1410 quae
637 1354 708 1395 hic
722 1359 826 1396 acta
841 1360 946 1395 sunt
964 1353 1023 1395 ad
1039 1353 1123 1395 Dei
1137 1352 1326 1408 gloriam
1340 1357 1384 1393 et
1401 1351 1656 1393 animarum
1669 1350 1900 1399 salutem,2

201 1429 357 1467 tamen
383 1429 428 1466 et
456 1438 536 1480 ego
563 1424 848 1466 committere
875 1438 967 1466 non
993 1423 1136 1479 potui,
1161 1422 1272 1479 quin
1295 1421 1515 1464 desiderio
1538 1421 1739 1476 piissimo
1763 1422 1816 1463 R.
1846 1421 1894 1463 P.

153 1507 188 1535 15
201 1495 324 1537 Tuae
350 1494 503 1550 aliqua
528 1509 583 1537 ex
609 1499 739 1550 parte
764 1494 1094 1550 responderem.

318 1566 482 1621 Itaque
523 1565 677 1621 quoad
722 1565 1124 1613 communicantes,
1161 1578 1188 1606 a
1220 1563 1292 1606 die
1340 1563 1601 1605 Palmarum
1650 1576 1793 1618 usque
1840 1562 1899 1604 ad

201 1636 376 1678 Pascha
403 1636 797 1678 communicarunt
825 1636 871 1677 in
899 1635 1087 1678 civitate
1117 1647 1212 1691 129,
1243 1640 1423 1690 praeter
1449 1647 1537 1682 eos,
1567 1633 1646 1689 qui
1673 1633 1763 1675 iam
1791 1637 1898 1674 ante
1913 1647 2014 1673 Μῶα.
2039 1653 2081 1677 27.

199 1706 247 1748 in
269 1705 617 1762 quadragesima
639 1711 685 1748 et
709 1706 781 1748 die
804 1705 1184 1749 Annunciationis
1208 1706 1259 1748 B.
1286 1704 1482 1760 Virginis
1506 1703 1674 1747 Mariae
1698 1717 1898 1745 commu·
1913 1710 1980 1749 Apr.
2006 1726 2029 1749 3.

198 1777 479 1819 nicaverant.
524 1776 725 1819 Confessi
760 1782 916 1819 autem
951 1782 1058 1819 sunt
1095 1776 1240 1818 multo
1278 1775 1440 1831 plures,
1479 1774 1558 1831 qui
1594 1788 1707 1830 pene
1743 1787 1898 1816 omnes

152 1848 259 1890 2oab
281 1847 454 1891 haeresi
471 1852 577 1889 sunt
596 1847 806 1891 absoluti.
829 1848 883 1890 In
900 1848 1072 1903 templo
1096 1852 1251 1889 autem
1274 1850 1430 1888 nostro
1453 1845 1499 1887 in
1523 1846 1757 1887 Monostor
1779 1858 1898 1886 com·
1913 1859 2014 1885 Marcz.
2041 1867 2082 1890 25.

199 1917 492 1961 municarunt
519 1918 579 1960 ad
604 1931 702 1973 207,
744 1918 790 1959 in
817 1918 983 1974 quibus
1010 1918 1194 1960 fuerunt
1221 1917 1361 1959 etiam
1388 1916 1528 1972 aliqui
1555 1929 1610 1958 ex
1637 1915 1826 1958 civitate
1853 1920 1898 1956 et

199 1988 391 2031 studiosi
426 1988 570 2031 nostri
605 1988 665 2031 ad
699 2003 842 2031 unum
877 2003 1045 2032 omnes.
1100 1988 1154 2030 In
1189 1988 1330 2036 Bach‚
1369 1987 1476 2029 villa
1518 1991 1688 2034 nostra,
1726 1985 1772 2027 in
1808 1999 1898 2041 qua

198 2059 455 2115 nuperrime
488 2059 630 2101 altare
662 2065 707 2101 et
739 2059 957 2115 imagines
989 2059 1138 2101 denuo
1170 2058 1470 2106 extruximus,
1504 2056 1898 2099 communicarunt

199 2130 359 2172 eodem
393 2135 596 2185 tempore
634 2141 716 2185 157
751 2135 796 2172 et
831 2143 887 2185 40
921 2130 997 2172 alii
1032 2129 1103 2172 die
1139 2129 1339 2171 Paschae
1375 2129 1559 2170 fuerunt
1595 2126 1758 2182 parati,
1812 2125 1898 2167 nisi

151 2206 536 2243 25sacramentum
558 2200 644 2242 illis
666 2200 896 2243 defuisset.
923 2201 978 2243 In
1000 2201 1214 2255 Jegenye,
1240 2198 1377 2240 tertia
1399 2198 1506 2240 villa
1528 2202 1698 2245 nostra,
1722 2200 1899 2238 remota

199 2271 345 2313 tribus
379 2270 629 2313 miliaribus
653 2271 904 2326 Ungaricis‚
930 2271 1040 2313 feria
1064 2273 1109 2323 3³
1131 2270 1331 2312 Paschae
1354 2267 1748 2310 communicarunt
1772 2277 1826 2320 72
1851 2270 1896 2307 et
1911 2274 1978 2313 Aps.
2005 2289 2029 2313 ς..

199 2341 458 2383 cecinerunt
484 2355 662 2383 sacrum
687 2342 752 2383 De
777 2343 1083 2383 resurrectione
1108 2341 1294 2382 Domini
1309 2353 1326 2387 ‚·
1364 2343 1470 2379 sunt
1509 2337 1629 2378 enirn
1654 2336 1716 2378 ibi
1741 2336 1898 2378 rustici

199 2416 304 2461 tres,
338 2411 417 2467 qui
448 2416 608 2453 tenent
639 2411 788 2453 adhuc
820 2411 1062 2467 antiquum
1094 2415 1281 2452 cantum
1313 2408 1600 2450 catholicum.
1636 2406 1727 2450 Ubi
1757 2406 1897 2448 etiam

199 2488 302 2538 post
321 2482 569 2524 discessum
587 2481 783 2523 ministri
800 2481 1029 2530 haeretici,
1050 2481 1192 2522 altare
1211 2485 1255 2521 et
1275 2478 1491 2534 imagines
1507 2477 1655 2520 denuo
1673 2477 1897 2519 instaura-

151 2568 187 2595 30
200 2553 362 2602 vimus,
396 2552 556 2595 calices
587 2557 632 2594 et
664 2552 839 2594 casulas
871 2551 1084 2607 antiquas
1116 2550 1265 2592 adhuc
1296 2549 1360 2590 illi
1389 2549 1574 2590 habent.

315 2622 388 2666 Ad
415 2624 652 2665 conciones
679 2623 727 2664 P.
759 2621 979 2678 Stephani
1007 2620 1255 2676 Ungaricas
1282 2633 1473 2674 magnus
1500 2620 1552 2661 fit
1580 2631 1823 2661 concursus
1850 2617 1896 2659 in

200 2693 401 2743 civitate,
427 2693 722 2736 Germanicae
746 2692 885 2735 etiam
908 2692 1000 2734 iam
1023 2691 1166 2747 magis
1191 2691 1540 2746 frequentantur
1560 2703 1569 2740 ;
1615 2688 1893 2745 praesertim,

199 2764 308 2821 quia
328 2778 462 2806 mane
484 2763 624 2806 etiam
645 2763 740 2806 fieri
776 2767 963 2819 coeptae
1000 2767 1121 2811 sunt,
1160 2766 1345 2817 propter
1380 2759 1597 2802 maiorem
1634 2758 1895 2802 auditorum

200 2834 587 2877 commoditatem.

152 2921 188 2949 35
316 2905 552 2948 Studiosos
592 2904 814 2947 inferioris
854 2903 1006 2947 classis
1046 2902 1105 2945 ad
1146 2914 1198 2945 12
1240 2901 1550 2958 promovimus
1582 2905 1685 2957 post
1721 2900 1896 2942 Pascha

201 2975 260 3017 ad
281 2975 569 3031 superiorem.
595 2975 832 3018 Accedunt
855 2975 1005 3030 plures
1027 2972 1264 3029 paulatim,
1288 2986 1406 3014 unus
1428 2985 1572 3027 nuper
1594 2970 1719 3013 venit
1742 2969 1892 3025 Agria,

202 3058 229 3088 a
262 3045 509 3088 venerabili
560 3045 761 3101 capitulo
796 3044 1001 3100 Agriensi
1036 3042 1381 3086 commendatus
1416 3047 1461 3084 et
1496 3041 1668 3084 nobiles
1704 3040 1891 3096 aliquot.

331 3157 345 3178 ²
372 3158 416 3191 P.
449 3157 685 3193 Odescalehi
715 3158 836 3203 Lajos
867 3160 978 3203 atya.
1036 3156 1050 3178 ²
1081 3155 1286 3191 Kozoltiik
1314 3163 1371 3199 35.
1397 3165 1451 3189 sz.
1478 3165 1512 3189 a.
