2188 3535
151 219 242 260 1581
278 217 402 261 szept.
442 217 477 261 1]
915 215 988 250 No.
1020 224 1068 260 59
1765 222 1831 256 171

149 333 228 375 sed
262 347 382 376 nova
417 337 600 375 tantum
636 332 874 388 quaedam,
913 347 1028 389 quae
1063 338 1173 375 tunc
1209 333 1254 375 in
1288 333 1374 375 hac
1409 332 1519 374 urbe
1555 329 1835 373 circumfere-

148 404 328 453 bantur,
374 417 491 459 quae
535 408 663 445 erant
709 403 941 446 verissima
986 404 1040 446 de
1085 404 1358 460 quibusdam
1403 401 1618 445 ministris
1663 415 1831 443 eorum,

148 474 390 530 Conquesti
418 487 573 516 sumus
602 473 657 516 de
684 474 769 516 hac
798 488 843 516 re
872 474 1091 530 principi;
1123 474 1245 517 facta
1273 479 1340 517 est
1370 473 1556 529 diligens
1584 470 1831 528 inquisitio,

146 545 225 587 sed
260 559 495 600 nunquam
532 559 795 600 cognoscere
833 544 1064 600 potuimus
1102 559 1180 601 per
1216 559 1364 601 quem,
1405 549 1484 587 aut
1522 542 1750 600 quomodo
1788 542 1834 584 in

92 627 113 654 5
145 629 306 657 manus
338 615 454 657 illius
487 615 682 658 ministri
713 615 943 658 Trinitarii
975 615 1130 658 literae
1164 615 1483 671 pervenissent.

276 686 507 728 Secundus
540 686 701 728 modus
734 686 957 729 scribendi
990 686 1036 728 in
1069 687 1239 729 Urbem
1272 691 1353 735 est,
1389 699 1468 741 per
1499 685 1752 734 Viennam;
1789 688 1833 726 et

143 756 254 799 haec
285 756 360 799 via
391 757 528 813 duplo
560 762 628 799 est
659 756 850 806 brevior,
883 772 1023 813 quam
1053 771 1132 813 per
1163 757 1425 807 Poloniam;
1460 756 1539 799 sed
1568 770 1713 811 neque
1745 754 1834 796 ista

144 832 211 869 est
255 842 422 870 secura.
468 829 738 870 Mercatores
782 827 914 879 enim,
961 828 1038 884 qui
1080 828 1184 870 hinc
1212 827 1434 870 Viennam
1477 826 1661 882 singulis
1704 825 1833 868 annis

144 898 381 954 aliquoties
421 903 543 948 eunt,
586 913 742 941 omnes
777 904 882 941 sunt
922 898 1147 948 haeretici,
1183 913 1286 940 cum
1318 898 1481 954 quibus
1521 897 1645 939 nulla
1685 896 1833 938 adhuc

92 980 129 1008 10
143 969 272 1011 nobis
307 969 589 1012 familiaritas
623 969 901 1012 intercessit:
941 970 1127 1026 proinde
1162 969 1246 1011 illis
1281 983 1432 1011 secure
1467 972 1645 1010 nostras
1679 967 1832 1009 literas

142 1040 425 1083 committere
450 1055 541 1083 non
566 1041 797 1083 audemus.

271 1111 475 1154 Tertium
517 1112 704 1154 modum
745 1111 999 1167 excogitavi
1041 1125 1121 1167 ego
1163 1110 1273 1153 satis
1315 1123 1534 1158 securum,
1579 1108 1658 1150 sed
1698 1107 1832 1149 nimis

141 1195 323 1224 carum:
366 1187 418 1224 ut
457 1182 561 1224 hinc
601 1182 762 1238 aliquis
801 1197 857 1224 ex
896 1182 1112 1224 fratribus
1152 1186 1232 1224 aut
1272 1180 1452 1223 famulis
1492 1181 1688 1221 Romam
1728 1192 1831 1220 cum

140 1251 280 1295 literis
313 1252 582 1295 mitteretur.

92 1339 127 1367 15
279 1325 503 1379 Quartum
537 1338 618 1366 nos
652 1323 840 1366 modum
873 1323 1003 1378 longe
1037 1323 1263 1378 optimum
1297 1326 1342 1364 et
1378 1320 1641 1363 facillimum
1676 1319 1829 1361 docuit

140 1394 187 1436 P.
226 1395 602 1437 Bartholomaeus
637 1394 894 1443 Siondrata,
929 1394 1006 1450 qui
1040 1407 1106 1448 14.
1141 1393 1334 1449 Augusti
1365 1391 1472 1434 anni
1509 1392 1617 1444 1581
1656 1390 1715 1432 ad
1749 1404 1830 1432 nos
1844 1402 1915 1432 Aug.
1942 1409 1983 1433 14.

139 1464 465 1520 Claudiopolim
508 1479 588 1520 per
634 1466 744 1507 fines
788 1464 1058 1513 Dalmatiae,
1105 1466 1295 1513 Bosnae,
1343 1462 1544 1511 Rasciae,
1591 1461 1828 1516 Bulgariae

137 1539 182 1576 et
214 1535 385 1591 Mysiae
416 1535 646 1591 pervenit:
682 1540 734 1577 ut
765 1536 888 1578 Tuae
921 1530 1024 1578 Rtiae
1048 1535 1203 1577 literae
1233 1534 1337 1576 hinc
1365 1532 1704 1576 Temesvarium
1726 1531 1828 1574 mit—

136 1609 351 1648 terentur.
389 1607 472 1648 Est
507 1611 661 1648 autem
695 1606 1034 1648 Temesvarium
1068 1606 1229 1648 civitas
1263 1619 1367 1647 cum
1400 1608 1548 1646 castro
1583 1602 1827 1645 fortissimo

84 1692 122 1720 20
137 1675 183 1717 in
205 1676 355 1719 media
378 1677 468 1720 fere
492 1677 705 1733 Ungaria,
732 1677 935 1719 subiecta
958 1677 1126 1726 Turcis‚
1152 1677 1285 1732 plena
1308 1674 1646 1724 mercatoribus,
1673 1674 1827 1716 Maho-

137 1747 330 1790 metanis
355 1752 400 1790 et
426 1747 657 1804 Raguseis,
684 1748 763 1804 qui
786 1748 923 1791 libere
948 1752 1174 1804 vagantur
1198 1748 1282 1789 sub
1306 1748 1452 1789 Turca
1477 1750 1522 1788 et
1547 1746 1632 1787 sub
1657 1744 1827 1786 ditione

135 1818 277 1860 nostri
307 1818 533 1875 principis,
565 1833 645 1875 per
674 1819 826 1862 omnia
856 1819 1025 1875 oppida
1054 1823 1099 1861 et
1131 1832 1209 1874 per
1239 1832 1394 1860 omnes
1423 1816 1678 1866 nundinas;
1711 1815 1828 1857 inter

135 1889 217 1931 hos
259 1890 398 1932 habet
443 1890 672 1946 quendam
715 1890 1033 1932 consobrinum
1078 1891 1126 1932 P.
1173 1888 1562 1937 Bartholomaeus,
1609 1886 1679 1928 cui
1724 1890 1826 1928 tuto

134 1959 289 2002 literae
317 1961 544 2003 committi
571 1965 774 2017 possunt.
805 1961 959 2003 Distat
988 1965 1143 2003 autem
1170 1960 1274 2002 hinc
1301 1958 1641 2002 Temesvarium
1668 1957 1826 1998 itinere

81 2043 160 2084 254
197 2036 277 2073 aut
314 2042 338 2085 5
377 2031 579 2082 dierum;
619 2046 646 2074 a
680 2032 967 2074 Temesvario
1004 2037 1159 2074 autem
1196 2030 1469 2086 Belgradum
1505 2043 1647 2084 usque
1688 2027 1827 2084 (quod

134 2106 178 2142 et
206 2102 454 2145 Taurinum
481 2107 526 2145 et
554 2103 671 2145 Alba
697 2103 900 2145 Graeca3
927 2102 1105 2157 dicitur)
1132 2102 1217 2144 iter
1238 2101 1371 2144 unius
1392 2105 1576 2142 tantum
1597 2098 1684 2141 diei
1706 2113 1825 2140 com-

133 2177 324 2227 putatur
346 2188 425 2229 per
446 2174 570 2216 viam
594 2173 903 2229 planissimam
923 2187 932 2224 ;
959 2188 986 2216 a
1007 2173 1204 2216 Taurino
1229 2172 1389 2214 deinde
1414 2173 1644 2226 Ragusam
1669 2169 1823 2210 decem

133 2244 432 2286 communiter
458 2244 615 2287 diebus
642 2244 931 2300 pervenitur;
962 2259 989 2286 a
1016 2246 1199 2299 Ragusa
1225 2242 1412 2285 tandem
1439 2255 1518 2296 per
1544 2253 1666 2282 mare
1694 2239 1822 2280 novit

131 2314 229 2356 Tua
263 2316 316 2357 R.
354 2315 610 2357 Paternitas
644 2329 783 2371 quam
817 2315 968 2357 variae
1002 2319 1046 2357 et
1081 2313 1352 2369 multiplices
1386 2311 1559 2367 possint
1594 2324 1688 2352 esse
1722 2309 1822 2352 viae

80 2400 118 2428 30
132 2385 339 2428 Romam.
377 2388 502 2428 Haec
536 2386 645 2428 mihi
679 2385 754 2429 via
786 2385 967 2428 videtur
999 2385 1202 2428 omnium
1234 2383 1438 2439 optima;
1474 2387 1574 2423 tum
1607 2379 1730 2436 quod
1763 2379 1820 2421 sit

131 2455 406 2499 brevissima.
443 2457 572 2499 Intra
606 2470 658 2511 14
691 2456 810 2498 enim
843 2456 936 2498 dies
972 2456 1103 2511 (sicut
1137 2469 1191 2497 ex
1223 2454 1411 2507 Vienna)
1449 2456 1632 2508 possent
1664 2451 1820 2492 literae

131 2527 361 2580 pervenire
382 2542 389 2569 2
416 2532 516 2570 tum
539 2527 662 2583 quod
684 2527 741 2569 sit
766 2527 1006 2568 tutissima.
1033 2527 1217 2580 Semper
1239 2524 1358 2566 enim
1380 2523 1536 2565 literae
1558 2536 1637 2578 per
1659 2535 1821 2564 manus

131 2602 432 2640 mercatorum
469 2598 794 2641 catholicorum
831 2602 875 2639 et
915 2597 1135 2639 Italorum
1177 2595 1356 2651 (quibus
1392 2593 1503 2636 nulli
1540 2597 1647 2635 sunt
1685 2592 1820 2634 modo

131 2667 176 2708 in
208 2668 458 2711 deferendis
489 2669 628 2711 literis
660 2669 892 2723 fideliores)
930 2667 1220 2723 perferentur.
1272 2667 1403 2708 Hanc
1435 2664 1571 2720 igitur
1605 2662 1821 2706 constitui

80 2753 117 2780 35
131 2742 306 2782 tentare
338 2740 472 2791 viam,
516 2754 632 2796 quae
665 2739 701 2782 si
733 2738 1006 2787 successerit,
1053 2737 1247 2779 scribam
1291 2735 1494 2791 saepius;
1542 2735 1610 2777 sin
1655 2733 1816 2783 minus,

132 2808 270 2852 literis
295 2811 504 2853 omnibus
529 2811 738 2866 deinceps
764 2810 993 2852 silentium
1017 2808 1214 2851 indicam
1240 2812 1285 2849 et
1310 2807 1571 2848 incumbam
1597 2804 1819 2847 concioni-

133 2879 216 2921 bus
243 2881 352 2924 meis
380 2887 425 2924 et
453 2882 550 2924 aliis
577 2881 735 2924 officiis
763 2881 873 2923 mihi
896 2895 951 2922 ex
972 2878 1230 2922 obedientia
1251 2877 1475 2919 iniunctis.
1507 2877 1638 2919 Nunc
1666 2875 1816 2930 igitur,

133 2954 375 3006 postquam
413 2953 683 3008 multiplices
722 2952 818 2995 vias
856 2950 996 2993 literis
1035 2949 1212 2998 nostris,
1254 2963 1332 3004 per
1370 2962 1483 3004 quas
1522 2949 1717 2990 Romam
1757 2945 1819 2986 ire

133 3021 316 3072 possint,
357 3023 663 3066 ostendimus:
719 3022 940 3078 explicare
993 3020 1147 3063 ordine
1199 3033 1264 3069 ea,
1318 3033 1434 3075 quae
1487 3016 1815 3074 proposuimus,

81 3104 119 3130 40
133 3092 480 3145 progrediamur.

259 3193 272 3213 ³
300 3194 530 3239 Magyarul:
560 3194 912 3239 Nandorfejervar.
