2188 3535
134 208 230 252 1583
263 214 353 249 aug.
391 205 453 249 13]
897 206 972 241 No.
1007 209 1056 251 96
1752 216 1822 250 303

131 324 254 379 JeSU,
277 321 479 378 quotidie
498 320 545 363 in
565 320 749 364 ecclesia
767 321 983 366 militanti
1003 324 1254 380 producens
1273 325 1430 367 uberes
1450 324 1624 366 fructus
1644 324 1703 367 ad
1720 324 1821 366 uni-

131 393 315 437 versalis
334 391 543 435 ecclesiae
563 391 828 435 firmitatem
848 398 892 436 et
914 395 1077 437 Christi
1115 395 1314 438 fidelium
1334 395 1588 438 animarum
1607 395 1816 444 salutem,

131 479 223 507 non
249 464 395 506 solum
421 477 503 505 nos
529 461 717 511 inducit,
747 463 826 505 sed
857 464 995 507 etiam
1018 466 1245 508 voluntati
1267 471 1447 508 nostrae
1469 465 1678 514 currenti,
1703 470 1820 508 tam-

132 549 271 592 quam
297 533 544 577 calcaribus
569 532 737 575 additis
762 533 884 583 facit,
912 540 964 577 ut
988 536 1076 585 illa,
1105 550 1220 592 quae
1244 551 1325 592 pro
1351 536 1550 579 eiusdem
1575 536 1814 579 Societatis

84 624 101 651 5
132 619 425 663 personarum
450 604 535 647 sub
559 603 700 659 ipsius
723 603 946 660 religionis
972 620 1100 648 suam
1124 607 1227 662 iugo
1253 607 1470 649 altissimo
1496 606 1818 650 famulantium

132 675 422 720 sublevandis
458 674 806 717 necessitatibus
848 682 893 718 et
926 677 1247 732 supportandis
1291 677 1499 720 oneribus
1539 692 1620 733 pro
1665 677 1822 719 futura

132 752 382 791 noscuntur
431 745 745 794 concedamus,
797 759 849 788 ac
887 746 997 789 alias
1033 747 1079 789 in
1115 747 1185 789 his
1222 748 1363 790 nostri
1409 748 1646 804 pastoralis
1683 747 1822 790 officii

133 823 285 875 partes
341 815 650 860 favorabiliter
706 815 1035 872 impendamus,
1096 819 1332 874 praecipue
1391 819 1501 861 dum
1559 833 1714 874 regum
1775 823 1822 861 et

133 890 324 932 aliorum
382 887 638 944 principum
697 887 1023 930 catholicorum
1081 888 1128 931 id
1186 889 1387 945 exposcit
1442 889 1624 932 devotio
1673 894 1718 931 et
1773 888 1821 930 in

85 979 119 1006 10
133 960 330 1003 Domino
379 957 680 1014 conspicimus
728 958 968 1001 salubriter
1015 959 1237 1015 expedire,
1283 974 1388 1002 sane
1431 959 1633 1002 exhibita
1674 959 1817 1008 nobis,

132 1045 276 1087 nuper
328 1045 409 1087 pro
461 1034 591 1086 parte
643 1028 795 1072 dilecti
853 1029 932 1071 filii
996 1030 1168 1072 Claudii
1232 1030 1510 1086 Aquavivae‚
1578 1029 1821 1085 praepositi

132 1102 350 1159 generalis
417 1101 565 1144 dictae
645 1099 884 1143 Societatis
949 1100 1109 1157 petitio
1176 1101 1451 1149 continebat,
1519 1100 1642 1156 quod
1711 1100 1823 1142 alias

133 1178 379 1230 postquam
440 1170 675 1228 collegium
725 1170 962 1214 Societatis
1010 1171 1120 1226 Jesu
1168 1171 1215 1214 in
1264 1171 1450 1214 civitate
1499 1170 1823 1214 Colosvariensi

133 1245 264 1287 iuxta
295 1242 545 1286 charissimi
575 1242 623 1284 in
654 1242 831 1285 Christo
862 1242 941 1285 filii
972 1242 1114 1284 nostri
1146 1241 1363 1298 Stephani
1393 1240 1746 1297 Transylvaniae
1778 1245 1824 1282 et

86 1333 121 1361 15
135 1314 348 1359 Poloniae
374 1314 488 1370 regis
526 1312 720 1369 Augusti
761 1312 1031 1356 desiderium
1067 1314 1125 1356 ad
1151 1311 1474 1368 omnipotentis
1500 1311 1584 1354 Dei
1608 1312 1824 1353 honorem

135 1391 180 1430 et
220 1385 492 1442 reipublicae
531 1383 780 1428 utilitatem
819 1389 1020 1427 erectum
1062 1385 1222 1433 fuerat,
1264 1383 1412 1426 dictus
1452 1383 1708 1438 Stephanus
1746 1395 1824 1423 rex

136 1457 423 1500 considerans
453 1456 547 1499 eius
577 1462 794 1499 conatum
824 1455 871 1498 in
900 1455 1109 1511 erigendo
1139 1453 1398 1497 huiusmodi
1427 1452 1610 1508 collegio
1641 1452 1827 1494 feliciter

136 1533 181 1571 et
200 1543 292 1571 non
310 1528 404 1570 sine
423 1526 623 1570 evidenti
642 1526 794 1570 fructu
812 1526 994 1570 cessisse
1010 1532 1054 1569 et
1072 1531 1310 1583 propterea
1324 1524 1447 1574 illud,
1467 1523 1631 1580 quibus
1648 1526 1827 1579 poterat

135 1599 265 1642 bonis
291 1598 653 1655 promovendum
678 1598 1108 1654 extendendumque
1134 1610 1331 1645 censens,
1376 1610 1479 1638 cum
1519 1594 1656 1637 etiam
1683 1593 1741 1636 ad
1764 1592 1827 1635 rei

88 1688 124 1716 20
137 1670 369 1714 familiaris
417 1669 566 1712 dictae
614 1669 853 1713 Societatis
900 1674 1086 1725 propter
1132 1667 1354 1724 peculiare
1400 1666 1517 1708 illius
1564 1664 1827 1707 institutum

137 1741 437 1784 accessionem
466 1741 666 1783 multum
696 1741 938 1784 concedere
967 1740 1210 1788 videretur,
1241 1738 1277 1780 si
1306 1737 1424 1780 inter
1452 1736 1539 1779 alia
1568 1735 1712 1778 eidem
1741 1734 1828 1776 col-

137 1812 264 1868 legio,
307 1812 446 1855 etiam
487 1811 542 1854 de
582 1812 830 1855 necessario
871 1811 1062 1868 piscium
1103 1814 1327 1867 proventu
1368 1812 1656 1864 prospectum
1696 1809 1826 1853 esset,

138 1882 358 1940 piscinam
387 1882 579 1925 totalem
608 1883 800 1926 Bardtok
828 1888 926 1925 tava
971 1885 1298 1937 nuncupatam,
1330 1879 1376 1922 in
1405 1877 1629 1921 territorio
1659 1890 1828 1932 posses-

139 1954 317 1997 sionum
337 1954 463 1996 Also-
484 1958 529 1996 et
563 1953 834 1998 Felsc'S-Zsuk
854 1954 993 1997 etiam
1016 1956 1284 2008 nuncupato
1303 1950 1547 1993 comitatus
1568 1946 1829 1991 Colosiensis

91 2042 126 2070 25
139 2025 270 2068 iuxta
304 2039 408 2068 suos
443 2025 640 2067 confines
674 2025 810 2068 sitam
845 2029 890 2067 et
925 2025 1032 2068 olim
1067 2024 1126 2067 ad
1160 2024 1347 2065 domum
1381 2020 1628 2076 regularem
1662 2016 1829 2060 ordinis

141 2097 354 2139 Fratrum
378 2095 606 2139 minorum
630 2096 830 2139 eiusdem
854 2095 1055 2139 civitatis
1079 2094 1394 2151 pertinentem,
1421 2105 1524 2133 cum
1549 2090 1708 2132 domus
1732 2087 1830 2142 ipsa

140 2167 200 2210 ob
220 2167 478 2223 frequentes
511 2168 761 2211 Turcarum
796 2172 841 2210 et
875 2167 1066 2210 aliorum
1099 2165 1408 2211 barbarorum,
1446 2161 1522 2217 qui
1558 2160 1647 2202 fere
1682 2163 1829 2201 totam

140 2237 264 2281 illam
284 2237 565 2294 provinciam
580 2238 627 2281 in
642 2239 852 2282 miseram
873 2238 1141 2281 servitutem
1160 2235 1434 2289 redegerant,
1453 2229 1723 2273 incursiones
1739 2227 1830 2270 iam

142 2309 317 2352 dudum
343 2323 399 2351 ne
427 2309 537 2352 dum
564 2310 623 2352 ab
650 2309 745 2353 eius
771 2309 940 2352 ordinis
966 2308 1182 2351 fratribus
1207 2303 1476 2350 inhabitata,
1505 2314 1663 2343 verum
1690 2298 1829 2341 etiam

94 2379 266 2425 aoomni
297 2379 451 2423 divino
483 2380 609 2423 cultu
642 2379 864 2424 destituta
895 2379 1201 2436 reperiebatur
1231 2373 1502 2418 auctoritate
1534 2370 1681 2413 dictae
1712 2368 1829 2411 sedis

142 2450 416 2507 apostolicae
450 2451 793 2501 interveniente,
828 2451 1034 2507 praefato
1069 2446 1250 2502 collegio
1284 2445 1330 2486 in
1364 2447 1634 2499 perpetuum
1668 2440 1829 2482 debere

143 2521 327 2564 concedi
350 2526 395 2564 et
420 2522 636 2578 assignari
659 2522 833 2566 censuit
857 2527 902 2566 et
926 2520 1083 2569 voluit,
1110 2521 1244 2574 prout
1267 2515 1313 2557 in
1336 2514 1429 2557 eius
1467 2512 1606 2555 literis
1638 2511 1831 2565 desuper

143 2592 360 2635 confectis
383 2592 558 2649 plenius
582 2593 748 2636 dicitur
771 2592 1003 2636 contineri.
1031 2592 1143 2633 Cum
1167 2591 1320 2630 autem
1346 2584 1461 2627 sicut
1485 2583 1644 2626 eadem
1667 2579 1829 2637 petitio

144 2662 460 2719 subiungebat,
484 2663 531 2706 in
553 2664 676 2708 dicta
698 2665 834 2707 domo
856 2663 966 2706 nulli
989 2662 1148 2703 fratres
1171 2656 1279 2700 dicti
1301 2654 1469 2698 ordinis
1490 2653 1537 2695 in
1555 2651 1829 2709 praesentia-

96 2750 132 2777 35
143 2747 245 2776 rum
261 2734 427 2784 adsint,
445 2734 524 2777 sed
540 2735 688 2778 adhuc
704 2735 780 2778 illa
796 2734 998 2777 desolata
1014 2729 1245 2786 reperitur,
1264 2731 1309 2769 et
1327 2725 1363 2768 si
1378 2723 1654 2781 insequendo
1671 2722 1829 2765 volun-

144 2809 290 2847 tatem
310 2805 478 2861 regiam
497 2805 756 2849 huiusmodi
776 2805 948 2861 piscina
970 2800 1175 2859 praefata
1195 2812 1298 2840 cum
1319 2796 1529 2839 omnibus
1548 2794 1719 2836 iuribus
1739 2791 1830 2835 suis

145 2876 204 2917 ab
238 2876 396 2919 eadem
432 2876 567 2919 domo
602 2877 1002 2920 dismembraretur
1035 2876 1080 2914 et
1115 2872 1411 2924 separaretur,
1447 2866 1612 2921 illaque
1646 2864 1708 2906 sic
1743 2862 1830 2905 dis-

144 2946 400 2989 membrata
420 2951 466 2989 et
487 2952 698 3004 separata
719 2947 864 2990 eidem
885 2942 1067 2999 collegio
1089 2943 1308 2996 perpetuo
1329 2936 1644 2994 applicaretur,
1669 2947 1832 2989 appro-

145 3015 381 3072 priaretur,
399 3023 714 3061 annecteretur
729 3022 774 3060 et
789 3016 1160 3071 incorporaretur,
1178 3023 1269 3052 non
1284 3007 1473 3051 dubium
1491 3010 1572 3055 est,
1592 3004 1701 3061 quin
1721 3002 1835 3045 illud

98 3087 230 3130 40hac
253 3087 466 3130 mediocri
493 3088 684 3145 piscium
709 3086 959 3131 accessione
984 3083 1250 3129 subnexum,
1272 3083 1491 3121 rectorem
1517 3081 1562 3118 et
1583 3074 1834 3130 collegiales

146 3171 359 3213 personas
378 3158 495 3202 illius
515 3158 797 3201 commodius
822 3156 997 3203 alendo,
1025 3150 1227 3196 similiter
1242 3150 1300 3192 ab
1316 3148 1378 3192 eis
1394 3145 1649 3203 diligentius
1663 3158 1835 3200 regere-
