2188 3535
183 1338 253 1377 Apr.
277 1352 321 1376 24.

323 231 370 266 28
1092 212 1167 246 No.
1206 220 1249 256 13
1643 202 1761 247 [1576
1791 197 1890 233 febr.
1922 195 2021 241 eleje

324 352 425 388 tum
470 343 536 386 iri.
585 339 790 384 Tertium
835 330 1215 388 impedimentum
1262 329 1373 374 erat,
1422 322 1546 380 quod
1591 320 1786 362 timeant
1833 314 2021 371 quidam

325 416 494 459 bellurn
522 410 761 456 Turcicum
789 407 963 447 aestate
990 398 1199 455 sequenti
1226 396 1447 439 futurum.
1478 395 1540 436 At
1567 404 1675 434 vero
1703 389 1762 432 ab
1788 387 1863 428 illo
1888 384 2020 433 bello,

327 486 362 529 si
392 484 515 542 quod
545 481 643 528 erit,
676 478 838 519 fratres
866 476 1045 515 nostros
1074 469 1121 511 in
1149 464 1480 523 Transylvania
1509 467 1636 505 tutos
1665 459 1761 502 fore
1791 455 2022 500 existima-

326 569 440 599 mus.
478 552 633 596 Habet
667 545 891 603 siquidem
923 542 997 584 ille
1030 539 1240 597 princeps
1273 539 1522 580 Turcorum
1556 533 1877 588 imperatorem
1911 525 2024 568 adeo

328 623 712 669 confoederatum,
757 620 810 658 ut
852 612 988 656 Turci
1029 610 1239 667 proxima
1282 612 1457 651 aestate
1500 618 1581 660 pro
1625 616 1676 644 eo
1720 595 2023 656 pugnaverint
2054 605 2074 633 5

330 696 548 739 adversus
578 689 696 731 illius
724 687 892 729 hostes.

455 761 593 805 Aliud
632 771 773 815 genus
811 752 1127 811 impedimenti
1167 755 1277 799 erat,
1321 747 1445 805 quod
1484 746 1605 787 intra
1644 755 1810 785 novem
1849 749 2026 781 menses

323 836 480 878 literas
499 831 617 874 illius
637 826 851 886 principis
871 839 963 868 non
981 822 1214 866 habuisset
1237 819 1455 867 Societas,
1481 829 1598 873 quae
1619 819 1775 856 tamen
1795 809 1856 853 ad
1874 809 2026 864 ipsum

331 902 569 961 aliquoties
618 900 871 956 scripserat.
924 895 1014 938 Sed
1061 893 1154 936 13111
1202 889 1497 945 intelligimus
1545 883 1809 942 principem,
1844 882 2031 936 propter

330 975 512 1019 bellicos
538 976 694 1016 motus
721 974 767 1012 et
794 969 991 1010 incertos
1012 963 1203 1007 nuncios
1229 961 1378 1004 nullas
1405 963 1584 1001 nostras
1611 955 1765 997 literas
1793 949 2028 1005 accepisse,
2043 958 2080 986 ιο

332 1050 511 1104 praeter
529 1043 716 1086 ultimas
735 1041 782 1083 in
801 1036 990 1082 Octobri
1009 1035 1169 1079 missas
1189 1038 1234 1076 et
1254 1029 1548 1074 nihilominus
1567 1041 1671 1069 cum
1690 1023 1837 1066 nullas
1855 1024 2034 1063 nostras

335 1116 594 1173 accepisset,
637 1112 760 1156 misit
801 1115 956 1153 tamen
995 1107 1197 1162 legatum
1236 1103 1402 1146 suum⁸
1429 1099 1666 1145 Viennam,
1714 1105 1933 1137 excusans
1972 1104 2033 1140 se‚·

334 1187 459 1245 quod
500 1189 686 1242 propter
728 1195 887 1225 causas
929 1177 1185 1236 praedictas
1227 1188 1319 1217 non
1361 1171 1554 1215 misisset
1606 1168 1814 1211 doctores
1855 1166 2034 1205 nostros

336 1259 482 1302 citius.
494 1255 656 1300 Literis
673 1258 841 1303 autem,
860 1264 973 1307 quas
987 1262 1067 1305 per
1083 1248 1210 1289 11111111
1226 1246 1427 1301 legatum
1443 1240 1661 1285 misimus,
1680 1236 1839 1280 statim
1853 1246 2035 1289 respon-

338 1329 420 1379 dit,
459 1327 697 1383 designans
731 1324 850 1366 diem
888 1320 1043 1364 Sancti
1074 1316 1252 1372 Georgii
1282 1329 1363 1371 pro
1394 1313 1599 1356 adventu
1637 1312 1897 1351 nostrorum
1933 1316 2038 1345 cum
2049 1311 2085 1340 15

338 1397 627 1456 amplissimis
655 1392 1041 1452 promissionibus,
1074 1402 1268 1445 quarum
1297 1386 1531 1427 literarum
1561 1379 1821 1435 exemplum
1849 1375 2038 1419 missum
2073 1368 2076 1371 ’

339 1471 426 1513 fuit
461 1470 520 1513 ad
554 1470 609 1511 R.
647 1469 695 1510 P.
732 1463 999 1508 Generalem
1033 1462 1244 1507 Romam,
1281 1456 1459 1499 duobus
1493 1451 1724 1496 mensibus
1755 1452 1876 1498 ante,
1899 1458 2040 1502 quam

322 1542 395 1585 ·de
427 1542 512 1583 hac
546 1538 759 1582 missione
794 1539 1002 1591 ageretur
1034 1532 1081 1573 in
1115 1527 1461 1585 congregatione
1494 1520 1773 1580 provinciali.

469 1609 760 1654 Cessantibus
782 1606 919 1662 igitur
940 1599 1292 1659 impedimentis,
1317 1597 1561 1640 videbatur
1583 1587 1919 1648 congregationi
1945 1599 2041 1629 rem

341 1697 436 1726 esse
458 1678 870 1725 commendandam
894 1677 948 1718 R.
974 1672 1101 1717 Patri
1122 1671 1325 1719 Nostro,⁹
1354 1681 1446 1710 non
1473 1665 1598 1722 quod
1624 1664 1679 1706 de
1706 1661 1824 1704 illius
1850 1663 2089 1716 paternam

341 1753 564 1797 charitate
586 1750 832 1807 quicquam
855 1745 1100 1792 dubitaret,
1125 1742 1205 1785 sed
1225 1740 1349 1797 quod
1369 1752 1439 1780 res
1460 1737 1518 1779 sit
1540 1749 1632 1778 non
1654 1732 1784 1790 parvi
1805 1727 2040 1778 momenti,

341 1828 518 1881 utpote,
539 1836 678 1879 quam
699 1819 838 1875 aliqui
865 1816 1069 1859 iudicant
1095 1828 1151 1856 ex
1176 1809 1443 1869 praecipuis,
1473 1820 1586 1864 quas
1613 1804 1814 1848 Societas
1839 1813 2044 1857 unquam

344 1908 552 1952 aggressa
585 1897 667 1941 est,
704 1888 905 1945 exceptis
937 1884 1225 1929 missionibus
1258 1877 1585 1924 transmarinis.

734 2043 865 2085 Aliae
897 2037 1244 2083 circumstantiae
1275 2035 1390 2076 idem
1420 2031 1659 2074 suadentes.

476 2151 647 2195 Suadet
673 2148 813 2192 etiam
836 2143 1061 2189 missionis
1084 2141 1219 2185 huius
1243 2135 1700 2182 commendationem,
1728 2130 1853 2188 quod
1876 2129 1912 2172 si
1935 2129 2046 2171 haec
2061 2137 2096 2166 ᾖ

346 2226 467 2267 bona
495 2220 670 2265 occasio
698 2216 1107 2276 praetermittatur,
1139 2212 1291 2255 forsan
1320 2209 1409 2252 alia
1436 2205 1765 2263 impedimenta
1793 2203 2041 2248 occurrent,

347 2300 399 2338 ut
433 2294 590 2336 futura
622 2291 767 2334 solent
801 2302 895 2331 esse
928 2282 1251 2340 contingentia,
1287 2284 1473 2337 propter
1505 2290 1622 2334 quae
1655 2278 1842 2317 tantum
1873 2272 2045 2313 bonum

349 2372 394 2409 et
437 2370 536 2408 13111
577 2362 792 2405 instituto
834 2362 990 2402 nostro
1032 2354 1262 2398 conforme
1304 2349 1473 2407 poterit
1515 2345 1736 2403 impediri.
1781 2344 1886 2386 Non
1927 2340 2047 2384 enim

350 2438 514 2479 desunt
557 2446 774 2481 rumores,
821 2430 901 2487 qui
944 2441 1066 2471 nova
1108 2423 1436 2481 impedimenta
1479 2419 1722 2461 videantur
1765 2412 2047 2471 portendere.

351 2509 602 2555 Praeterea,
628 2504 665 2546 si
686 2502 823 2545 toties
850 2498 1013 2543 moniti
1042 2497 1102 2540 ad
1130 2496 1248 2539 diem
1279 2492 1568 2547 designatum
1598 2486 1748 2544 parati
1775 2499 1867 2527 non
1895 2483 2100 2531 simus,30

351 2577 536 2620 dabitur
576 2589 686 2618 ansa
726 2570 956 2629 cogitandi
997 2568 1271 2612 Societatem
1312 2563 1483 2605 factam
1524 2573 1619 2602 esse
1659 2557 1733 2600 vel
1773 2553 2050 2598 timidiorem

352 2647 666 2704 periculorum,
694 2644 767 2687 vel
793 2643 942 2685 minus
968 2639 1147 2682 fidelem
1172 2637 1220 2679 in
1245 2634 1336 2677 suis
1362 2630 1604 2689 promissis.
1641 2630 1702 2671 Et
1728 2628 1840 2670 haec
1867 2624 2051 2682 quidem
2089 2646 2092 2649 >

352 2719 398 2760 in
432 2717 695 2760 universum
731 2715 785 2756 de
820 2712 1030 2756 missione
1063 2710 1149 2751 hac
1185 2706 1307 2749 dicta
1342 2705 1446 2747 sint.

485 2787 739 2830 Occurrunt
783 2788 938 2826 autern
982 2780 1208 2837 quaedam
1250 2772 1553 2833 particularia,
1600 2783 1718 2827 quae
1762 2763 2048 2823 congregatio

356 2859 495 2902 etiam
541 2856 686 2900 voluit
732 2853 935 2911 proponi.
986 2852 1202 2898 Primum,
1250 2852 1303 2889 ut
1350 2841 1675 2888 submittendis
1720 2853 1802 2882 suo
1848 2842 2101 2892 temporeas

357 2928 620 2973 necessariis
663 2925 876 2982 operariis
919 2922 1070 2966 missio
1113 2921 1189 2962 illa
1233 2918 1443 2961 foveatur
1485 2918 1531 2956 et
1575 2914 1868 2955 sustentetur.
1922 2904 2056 2962 Quod

358 3001 394 3043 si
433 2999 596 3056 aliquis
634 2997 753 3039 inter
792 3010 867 3039 eos
904 2995 1106 3050 linguam
1142 2989 1380 3034 Turcicam
1418 2985 1613 3034 caueret,
1647 2993 1865 3038 magnum
1894 2989 2056 3033 operae

360 3067 2057 3097 Μ

487 3126 502 3147 ⁸
530 3125 733 3158 Literatus
760 3120 907 3155 Tamas
934 3120 1051 3155 deak.

489 3183 503 3204 ⁹
531 3183 566 3217 A
593 3181 702 3217 becsi
729 3178 983 3225 congregatio
1012 3173 1277 3222 ajanlasanak
1303 3167 1630 3217 jegyzokonyvet
1657 3166 1711 3200 ld.
1747 3175 1804 3199 12.
1833 3173 1887 3197 sz.
1917 3172 1953 3196 a.

2163 2366 2175 2614 Ι’
