2188 3535
115 175 209 219 1583
243 170 386 204 marcz.
424 171 487 214 18]
882 172 956 206 No.
987 171 1036 215 89
1731 181 1800 215 273

112 288 293 337 sarium,
337 288 597 344 diligentem
638 303 822 344 operam
862 289 1046 345 optimis
1086 288 1298 337 moribus,
1342 287 1504 344 pietati
1544 302 1596 331 ac
1637 289 1800 331 studiis

108 360 366 401 litterarum
386 358 613 407 adhibere,
632 373 712 414 pro
734 374 786 401 ea
806 360 993 410 ratione,
1012 374 1128 415 quae
1147 359 1254 415 ipsis
1275 364 1552 415 proponetur
1571 359 1617 401 in
1638 360 1801 402 scholis

111 429 282 485 collegii
324 429 564 472 Societatis
604 430 728 484 Jesu,
772 430 843 472 hic
884 431 982 486 ipsa
1022 431 1069 472 in
1110 430 1297 472 civitate
1339 430 1732 486 Claudiopolitana
1773 445 1799 472 a

110 502 237 544 Ser¹³³⁰
265 515 366 556 rege
409 501 641 556 Stephano
671 500 883 542 instituti.
915 503 981 543 Ac
1013 501 1201 556 proinde
1229 515 1374 556 neque
1403 501 1558 556 vagari
1585 515 1665 556 per
1692 501 1798 543 civi-

61 594 79 620 5
111 576 268 620 tatem,
307 585 454 627 neque
491 571 578 613 alio
616 572 787 627 absque
824 572 1039 627 praefecti
1077 572 1294 613 facultate
1332 571 1513 626 migrari
1550 572 1794 620 debebunt,

109 647 161 684 ut
190 641 355 684 sensim
384 641 656 684 humilitatis
685 647 729 684 et
759 642 1041 684 obedientiae
1070 642 1317 684 virtutibus
1346 647 1664 691 assuescentes,
1697 647 1797 685 tum

109 712 300 769 principi
349 727 443 761 suo,
496 727 632 768 quem
681 713 877 755 maxime
927 713 1116 755 revereri
1164 713 1343 761 debent,
1397 718 1534 768 atque
1579 713 1799 769 imprimis

109 785 218 833 Deo,
248 783 424 826 discant
447 798 503 826 ex
524 783 675 826 animo
697 798 829 826 omne
851 784 1117 840 obsequium
1139 788 1367 839 praestare
1385 798 1393 833 ;
1423 788 1523 826 tum
1546 798 1598 826 ea
1624 784 1797 826 ratione

108 854 377 910 intelligant,
424 854 531 903 fore,
577 859 629 896 ut
673 854 716 903 ii,
761 855 925 910 quibus
956 855 1198 910 aliquando
1230 859 1275 896 et
1306 854 1391 910 ipsi
1427 860 1682 910 praeerunt,
1715 854 1799 897 sibi

62 947 96 974 10
108 925 337 968 obediant.
370 924 458 967 Vix
501 925 620 968 enim
662 925 851 981 quisque
892 925 1002 968 alios
1043 939 1204 980 regere,
1240 925 1311 967 vel
1342 925 1603 967 obedientes
1631 926 1796 968 habere

108 995 289 1052 poterit,
323 995 402 1052 qui
431 996 528 1038 aliis
557 997 624 1051 (ac
649 996 913 1052 praesertim
937 995 1089 1052 probis
1113 995 1235 1050 Viris)
1265 1009 1356 1037 non
1396 995 1596 1051 paruerit
1622 1000 1666 1038 et
1692 997 1794 1038 obe-

109 1067 202 1109 dire
227 1067 446 1109 didicerit.
482 1068 719 1110 Caeterum
751 1067 966 1123 quoniam
993 1081 1111 1122 quae
1133 1067 1187 1108 de
1209 1066 1421 1114 moribus,
1456 1066 1510 1107 de
1541 1065 1795 1109 litterarum

108 1137 282 1187 studiis,
330 1138 385 1180 de
429 1137 600 1193 pietate
645 1138 732 1180 dici
775 1138 956 1180 uberius
1001 1142 1196 1193 possent,
1244 1151 1297 1179 ea
1341 1137 1538 1192 petenda
1578 1141 1709 1178 erunt
1741 1151 1795 1179 ex

108 1208 298 1251 aliorum
343 1208 686 1251 seminariorum
730 1209 903 1264 regulis,
954 1213 1192 1264 propterea
1229 1208 1339 1249 haec
1372 1207 1433 1249 ad
1464 1207 1561 1249 illas
1595 1208 1796 1263 quando-

62 1300 96 1327 15
109 1279 293 1335 quidem
325 1279 535 1322 omnibus
569 1294 648 1335 pro
683 1293 762 1321 suo
795 1284 933 1334 captu
968 1279 1209 1334 quadrant,
1247 1277 1491 1320 referimus.

758 1406 825 1446 De
856 1405 1144 1447 admittendis.

239 1494 452 1536 Delectus
490 1493 854 1536 accuratissimus
892 1493 1134 1536 habebitur
1172 1493 1217 1534 in
1256 1492 1552 1535 admittendis
1591 1491 1795 1534 alumnis.

110 1565 171 1606 Et
204 1578 309 1606 cum
340 1565 451 1607 haec
485 1579 592 1607 cura
624 1565 908 1607 continenter
940 1564 1198 1607 adhibenda
1230 1564 1301 1612 sit,
1337 1568 1438 1605 tum
1471 1567 1589 1605 certe
1622 1576 1798 1604 summo

111 1640 291 1684 conatu,
338 1649 390 1677 ac
433 1650 479 1678 re
523 1635 782 1692 frequenter
825 1634 1004 1678 divinae
1048 1634 1295 1690 sapientiae
1339 1634 1669 1681 commendata,
1714 1634 1797 1675 hoc

62 1725 97 1753 20
110 1706 239 1748 initio
276 1706 503 1762 pervigilis
540 1706 597 1748 sit
634 1711 828 1762 oportet,
869 1706 946 1762 qui
982 1706 1030 1748 id
1065 1706 1316 1761 exequendi
1352 1719 1536 1747 munere
1572 1704 1796 1759 fungetur,

110 1777 385 1826 recordatus,
421 1792 476 1820 ex
507 1777 724 1820 firmitate
756 1777 1043 1820 fundamenti
1074 1777 1339 1819 firmitatem
1371 1775 1561 1818 aedificii
1592 1775 1796 1830 pendere.

117 1848 424 1903 Quamobrem
470 1863 552 1890 nec
599 1848 806 1904 privatus
852 1850 1054 1897 affectus,
1104 1862 1249 1903 neque
1296 1847 1499 1889 studium
1546 1851 1625 1888 aut
1673 1845 1799 1887 favor

110 1918 298 1961 alicuius
327 1919 493 1961 rationi
522 1924 567 1961 et
597 1919 743 1961 ordini
771 1919 876 1962 huic
905 1919 989 1961 erit
1019 1919 1375 1974 anteponendus.
1409 1919 1617 1960 Praestat
1647 1921 1798 1958 autem

110 2003 279 2044 paucos
314 1989 467 2045 potius
503 1990 816 2032 selectissimos
851 1991 936 2032 hoc
972 1989 1190 2045 principio
1225 1990 1404 2037 habere,
1443 1987 1521 2044 qui
1556 1986 1799 2029 rectissime

62 2061 418 2109 25efformentur‚
453 2074 591 2116 quam
623 2061 804 2109 multos,
839 2060 917 2116 qui
949 2060 1209 2115 disciplinae
1241 2059 1531 2101 inenervatae
1563 2057 1800 2099 seminario

109 2130 259 2172 labem
289 2131 489 2186 aliquam
519 2136 760 2187 aspergant
792 2136 837 2173 et
870 2131 1062 2186 denique
1091 2135 1329 2186 tamquam
1359 2130 1581 2171 malorum
1611 2141 1799 2170 ovorum

111 2201 218 2243 mali
246 2202 356 2257 pulli
384 2202 510 2244 fiant.
543 2201 614 2244 Sic
642 2216 748 2244 vero
776 2202 867 2250 fiet,
892 2206 943 2242 ut
966 2206 1069 2256 post
1097 2215 1265 2256 paucos
1294 2213 1480 2247 menses,
1512 2198 1676 2254 quibus
1703 2197 1800 2252 ipsa

111 2286 179 2314 res
199 2272 372 2315 firmius
392 2277 634 2321 statuetur,
673 2272 932 2315 animentur
951 2276 995 2313 et
1022 2272 1162 2313 Sermus
1183 2285 1261 2313 rex
1281 2275 1420 2326 atque
1442 2270 1559 2311 111ΪῙΠΙΞ
1580 2268 1798 2323 princeps,

112 2343 280 2399 quique
322 2344 380 2386 ab
422 2358 474 2385 eo
516 2343 745 2399 praecipui
786 2343 998 2399 pendent,
1027 2347 1079 2384 ut
1122 2341 1343 2397 praesidio
1385 2340 1475 2382 sint
1517 2338 1640 2394 operi
1681 2343 1800 2380 recte

63 2413 324 2459 soinchoato
357 2428 409 2456 ac
441 2414 477 2456 si
509 2428 622 2470 quos
654 2413 969 2469 proposuerint
1001 2412 1310 2455 admittendos
1346 2410 1486 2466 (quod
1516 2424 1596 2466 pro
1628 2409 1802 2451 ratione

113 2483 207 2526 eius
233 2499 438 2527 summae
465 2499 605 2541 quam
634 2484 826 2526 Illustn‘s
852 2483 1059 2540 princeps
1086 2483 1126 2525 ei
1153 2483 1247 2525 sive
1268 2482 1334 2532 iis,
1354 2481 1519 2537 quibus
1545 2480 1593 2522 id
1618 2479 1804 2521 manda-

114 2555 242 2605 verit,
277 2555 504 2612 integrum
537 2555 635 2610 erit)
672 2555 738 2597 illi
769 2555 822 2597 iis
854 2554 1050 2602 dotibus,
1085 2568 1137 2595 ac
1168 2558 1288 2595 certe
1320 2566 1372 2594 eo
1403 2551 1580 2607 ingenio
1613 2550 1805 2606 praediti

115 2625 218 2675 sint,
252 2627 376 2682 quod
406 2626 634 2669 seminarii
664 2627 782 2682 leges
812 2639 904 2668 una
935 2639 1039 2667 cum
1071 2624 1226 2666 debita
1257 2627 1408 2666 aetate
1438 2621 1687 2678 requirunt.

245 2697 398 2740 Sciant
431 2702 599 2748 autem,
632 2697 710 2753 qui
747 2696 1062 2744 admittentur,
1102 2694 1171 2736 uti
1208 2708 1427 2750 pauperes
1468 2693 1563 2748 (sed
1599 2692 1808 2734 decenter

66 2785 101 2812 35
116 2769 284 2823 tamen)
323 2783 416 2810 esse
451 2768 650 2817 alendos,
685 2768 822 2823 idque
855 2766 1081 2809 seminarii
1115 2765 1373 2821 sumptibus
1407 2778 1501 2806 esse
1534 2762 1804 2805 faciendum.

122 2838 254 2893 Quod
275 2838 313 2880 si
335 2839 414 2895 qui
438 2839 623 2881 ditiores
645 2839 704 2881 ob
728 2837 988 2894 disciplinae
1011 2841 1056 2879 et
1079 2837 1138 2879 ob
1161 2836 1378 2878 maiorem
1400 2834 1586 2877 virtutis
1609 2847 1808 2875 amorem

114 2907 160 2949 in
195 2909 487 2952 seminarium
523 2909 709 2952 admitti
745 2908 984 2957 voluerint,
1022 2907 1075 2949 iis
1110 2908 1195 2949 hoc
1231 2921 1284 2948 ea
1321 2906 1415 2961 lege
1451 2904 1733 2952 concedetur,
1773 2902 1808 2944 si

116 2978 312 3033 primum
354 2985 566 3036 sumptus
609 2980 847 3023 seminario
891 2978 1107 3035 pendant,
1153 2977 1314 3033 quanti
1356 2976 1599 3018 iustissime
1641 2973 1808 3015 iudica-

116 3048 288 3092 buntur
316 3050 410 3093 sine
440 3052 533 3093 ulla
562 3051 673 3093 lucri
702 3065 794 3106 spe,
826 3055 907 3092 aut
938 3048 1112 3105 specie;
1145 3048 1306 3090 deinde
1337 3047 1373 3089 si
1402 3045 1631 3088 communi
1662 3044 1810 3086 victus

67 3137 102 3164 40
117 3119 291 3162 ratione
310 3135 402 3164 una
424 3136 527 3164 cum
550 3122 647 3164 aliis
667 3121 736 3164 uti
756 3120 994 3164 voluerint.
1026 3121 1127 3175 Qua
1147 3119 1192 3160 in
1213 3132 1260 3160 re
1280 3117 1431 3173 siquid
1450 3121 1609 3172 postea
1629 3120 1810 3170 tempus

187 3223 290 3247 Fontes
314 3222 420 3247 Rerum
440 3222 728 3254 Transylvanicarum
754 3222 776 3247 1.
1630 3207 1668 3239 13
