2188 3535
348 183 420 229 258
1114 172 1188 206 No.
1219 172 1268 207 86
1706 170 1822 216 [1583
1846 168 1989 203 marcz.
2013 171 2040 206 6

347 312 460 357 quas
490 295 655 341 Divina
685 291 905 348 sapientia
928 303 972 331 se
995 286 1305 330 metuentibus
1334 286 1447 329 solet
1478 286 1700 343 impertiri
1728 285 2038 329 liberalissime

349 367 585 412 haeredem
601 365 815 406 futurum.
833 361 931 402 Hac
948 372 1054 400 vero
1069 356 1243 400 Summi
1259 356 1492 399 Pontificis
1507 357 1780 400 salutatione
1796 370 2038 400 munuscu-

350 440 491 494 lisque
518 434 740 478 excitatus
767 444 856 472 non
884 428 1012 471 facile
1039 426 1304 470 memoriam
1331 427 1468 470 officii
1494 427 1641 477 huius,
1671 442 1762 484 quo
1788 427 2038 483 principem

351 523 395 550 se
415 520 507 550 esse
526 503 683 547 melius
701 499 912 555 cognovit
932 498 1141 554 deponet.
1162 499 1227 540 Ac
1247 502 1476 541 senatores
1493 497 1579 554 ipsi
1597 497 1827 553 primariii,
1848 498 1908 540 ad
1925 511 2039 554 quos

350 575 590 634 praecipua
615 571 737 627 regni
763 568 1097 612 administratio
1122 567 1256 610 huius
1281 568 1477 624 pertinet
1503 568 1656 611 omnia
1680 567 2039 624 gratissimorum
2070 584 2089 612 5

350 647 547 689 virorum
580 647 624 684 et
657 654 806 683 rerum
838 643 1072 681 momenta
1103 638 1400 694 pendentium
1434 638 1560 694 signa
1592 638 1702 681 mihi
1735 638 1925 681 dedere:
1961 638 2040 695 qui

353 715 450 770 (nisi
478 712 620 766 fallor)
653 710 778 753 haud
806 709 961 765 procul
989 723 1016 752 a
1043 723 1179 764 regno
1202 708 1285 752 Dei
1307 710 1488 752 absunt.
1515 709 1576 751 Hi
1597 723 1705 752 vero
1727 710 1915 752 hortatu
1938 723 2039 752 meo

348 786 406 828 ad
437 782 700 827 Pontificem
733 780 983 823 Maximum
1021 779 1223 821 scribunt
1261 779 1427 829 literas,
1468 793 1582 836 quas
1619 784 1664 822 et
1703 779 2039 822 Illustrissimus

348 855 554 912 princeps
589 851 744 895 mittet
783 849 874 892 suis
911 850 1155 892 addendas.
1197 850 1252 892 Id
1289 864 1380 893 non
1417 850 1477 893 ad
1512 864 1652 893 unam
1689 865 1784 893 rem
1821 849 2034 906 proderit,

348 923 731 982 quemadmodum
774 921 848 963 Vra
879 920 1093 963 Maiestas
1130 920 1272 976 Regia
1302 935 1384 977 pro
1415 935 1496 963 sua
1527 920 1750 977 sapientia
1780 920 2035 977 prospiciet.
2053 937 2089 966 ιο

347 994 497 1051 Regiis
525 1008 631 1036 vero
660 992 800 1035 literis
828 992 884 1034 de
912 991 1139 1034 attributa
1160 991 1398 1034 seminario
1427 991 1641 1047 pensione
1670 991 1916 1047 productis,
1947 1005 2039 1034 non

347 1067 491 1109 solum
537 1063 801 1120 acquievere
849 1061 1081 1105 Pontificis
1127 1076 1307 1118 quoque
1353 1062 1541 1105 Maximi
1587 1063 1808 1118 pietatem
1853 1062 2039 1105 mirifice

347 1136 668 1183 collaudantes,
704 1148 862 1176 verum
896 1133 1034 1175 etiam
1072 1132 1191 1188 (licet
1238 1133 1534 1175 cathedratici
1578 1133 1640 1174 illi
1686 1133 1890 1176 redditus
1935 1137 2038 1189 post

351 1221 515 1250 novem
547 1206 693 1248 adhuc
724 1218 899 1247 menses
930 1203 1124 1259 persolvi
1155 1218 1246 1246 non
1277 1203 1465 1258 soleant)
1501 1203 1631 1255 illico,
1656 1203 1728 1246 cui
1749 1203 1886 1246 velim
1917 1218 1963 1246 se
1993 1217 2040 1246 se

351 1277 625 1320 tantundem
653 1276 838 1318 daturos
865 1274 1052 1330 polliciti
1079 1279 1198 1325 sunt,
1224 1278 1450 1330 quantum
1471 1274 1565 1330 ipse
1586 1274 1825 1331 relinquat,
1855 1289 1910 1317 ne
1937 1289 2021 1317 con
2053 1290 2089 1318 15

349 1347 594 1391 fluentibus
618 1346 754 1388 etiam
779 1360 833 1388 ex
857 1345 954 1401 ipsa
977 1345 1165 1387 Turcica
1187 1345 1357 1387 ditione
1385 1344 1660 1388 scholasticis
1683 1345 1823 1388 simus
1837 1345 1883 1387 in
1898 1359 2038 1388 mora.

350 1420 410 1461 Et
438 1418 523 1474 ipsi
551 1417 733 1473 quidem
762 1421 991 1458 senatores
1019 1420 1119 1458 tum
1148 1415 1339 1471 propriis
1367 1421 1412 1458 et
1442 1416 1692 1458 commodis
1720 1416 1908 1472 patriae,
1939 1420 2039 1459 turn

351 1489 448 1532 aliis
476 1487 725 1531 rationibus
756 1486 942 1529 adducti
970 1491 1089 1536 sunt,
1119 1491 1171 1528 ut
1200 1486 1470 1529 solutionem
1497 1491 1794 1536 maturarent,
1824 1487 1948 1543 quod
1973 1486 2040 1530 ita

348 1558 674 1614 Transylvania
713 1557 867 1600 futura
902 1556 985 1599 erit
1020 1557 1310 1613 frequentior,
1353 1557 1475 1613 quod
1510 1557 1639 1614 quasi
1673 1557 1850 1600 obsides
1885 1572 1908 1600 e
1942 1557 2040 1600 fini-

351 1630 473 1672 timis
504 1628 746 1685 provinciis
794 1629 878 1670 sibi
921 1629 1193 1680 devincient,
1240 1630 1365 1684 quod
1411 1629 1456 1671 in
1501 1630 1774 1686 Hungaricis
1821 1628 2090 1685 proximis2o

351 1700 555 1749 comitiis,
591 1713 706 1755 quae
739 1698 918 1741 Posonii
949 1699 1161 1741 habenda
1193 1703 1312 1750 sunt,
1349 1713 1401 1741 ea
1430 1698 1553 1742 fama
1572 1698 1709 1742 latius
1731 1704 1959 1750 manante,
1994 1703 2039 1741 et

356 1770 554 1814 Caesaris
586 1770 793 1812 stimulus
826 1770 1032 1819 addetur,
1073 1774 1118 1812 et
1157 1769 1244 1812 alia
1282 1769 1521 1812 seminaria
1557 1771 1853 1826 procuranda,
1894 1783 2040 1826 neque

349 1840 661 1897 compositioni
695 1855 856 1890 rerum,
883 1841 937 1882 de
967 1854 1058 1897 qua
1092 1840 1253 1896 agitur,
1280 1854 1331 1883 ac
1366 1839 1620 1883 foederibus
1653 1840 1771 1884 inter
1803 1841 2039 1898 utriusque

352 1911 601 1954 Maiestatis
636 1925 771 1967 regna
805 1912 1067 1954 renovanda
1101 1911 1148 1953 id
1183 1925 1344 1967 parum
1380 1911 1593 1967 proderit.
1633 1911 1791 1968 Siquid
1826 1911 1945 1954 enirn
1980 1911 2040 1954 ad

349 1982 710 2038 persuadendum
738 1981 897 2024 efficax
924 1987 1006 2031 est,
1034 1982 1081 2024 id
1106 1982 1277 2024 bonum
1304 1987 1370 2024 est
1398 1996 1563 2025 nomen
1589 1996 1641 2024 ac
1663 1982 1865 2025 studium
1881 1982 2040 2038 reipsa
2054 1998 2092 2026 25

348 2066 452 2108 erga
493 2052 783 2095 christianam
830 2052 1159 2108 rempublicam
1206 2052 1476 2095 catholicam
1523 2053 1752 2096 collatum.
1801 2053 2040 2096 Caeterum

347 2124 430 2166 hac
453 2128 586 2166 nocte
609 2123 892 2166 illucescente
917 2124 1040 2166 coelo
1063 2137 1155 2166 una
1178 2138 1281 2166 cum
1306 2123 1490 2166 domino
1516 2123 1846 2167 Kovacsoczio⁷
1870 2123 2040 2166 cancel-

347 2193 455 2236 lario
478 2194 524 2235 in
546 2193 668 2236 viam
691 2208 763 2236 me
786 2194 918 2244 dabo,
943 2199 995 2236 ut
1020 2194 1079 2237 ad
1101 2194 1253 2237 fauces
1276 2194 1473 2244 Marusii‚
1499 2209 1618 2251 quae
1641 2195 1717 2238 via
1738 2194 1825 2238 fert
1849 2195 1908 2237 ad
1929 2195 2040 2237 Tur-

348 2278 500 2307 carum
542 2264 773 2315 ditionem,
819 2279 1121 2307 excurramus.
1166 2266 1408 2321 Perspecta
1448 2269 1616 2308 natura
1655 2265 1742 2308 loci
1782 2270 1827 2308 et
1869 2264 2040 2321 campis

350 2335 566 2390 Kenyirii,
618 2350 731 2391 quos
767 2335 966 2378 coloniae
1003 2336 1292 2378 deducendae
1328 2336 1525 2392 putabat
1562 2336 1747 2379 idoneos
1782 2337 1854 2379 Vra
1900 2335 2040 2392 Regia
2054 2353 2093 2381 30

350 2405 561 2448 Maiestas
606 2406 831 2462 (quamvis
873 2406 1178 2450 Sassebesium
1218 2406 1323 2449 huic
1365 2406 1542 2449 civitati
1583 2407 1838 2464 propinqua
1879 2406 2041 2449 civitas

349 2476 492 2517 multo
525 2477 802 2519 commodior
834 2476 906 2519 hic
939 2477 1163 2532 videatur)
1202 2478 1492 2520 deflectemus
1526 2478 1748 2521 Sibinium
1782 2492 1951 2526 versus,
1986 2481 2039 2519 ut

348 2545 577 2600 quatridui
619 2547 779 2602 spatio,
825 2547 860 2589 si
903 2547 1097 2590 Divinae
1140 2548 1360 2604 placuerit
1404 2548 1614 2597 bonitati,
1660 2550 1824 2591 Albam
1867 2548 2039 2603 Juliam

348 2615 593 2665 redeamus,
635 2631 689 2659 ex
729 2632 819 2673 qua
849 2619 1046 2674 acceptis
1072 2620 1131 2661 ab
1158 2619 1262 2660 Ill¹no
1288 2618 1488 2675 principe
1515 2620 1574 2662 ad
1601 2619 1869 2662 Pontificem
1897 2618 2039 2661 Maxi-

347 2698 473 2726 mum
511 2686 661 2735 literis,
702 2688 1028 2745 Claudiopolim
1067 2703 1317 2739 accurram,
1357 2695 1409 2732 ut
1448 2694 1548 2732 tota
1585 2704 1654 2732 res
1692 2690 1746 2732 de
1785 2690 1919 2732 domo
1957 2703 2090 2745 pr035

346 2754 584 2797 seminario
619 2758 922 2810 conducenda,
965 2760 1110 2816 deque
1148 2760 1246 2802 aliis
1284 2765 1521 2816 praesente
1562 2760 1744 2803 domino
1778 2759 2040 2803 Somborio⁸

347 2829 566 2873 senatore,
601 2830 670 2869 cui
712 2830 942 2884 negotium
984 2835 1051 2873 est
1093 2830 1228 2880 cordi,
1273 2831 1592 2873 constituatur.

482 2895 592 2937 Inde
619 2897 898 2942 Varadinum
929 2901 1017 2950 ibo,
1056 2906 1108 2943 ut
1144 2901 1367 2957 reliquum
1399 2915 1478 2957 per
1508 2901 1790 2957 Hungariam
1822 2901 1907 2944 iter
1941 2900 2037 2943 dili-

345 2964 606 3019 gentissime
641 2967 872 3012 absolvam
920 2976 965 3013 et
1012 2971 1244 3014 literarum
1291 2971 1468 3014 illarum
1516 2972 1786 3027 exemplum,
1828 2986 1944 3028 quae
1977 2972 2037 3014 ab

343 3034 529 3077 Andrea
547 3036 973 3094 Hyerosolymitano
998 3056 1098 3097 rege
1123 3041 1168 3083 in
1194 3045 1348 3084 monte
1368 3041 1599 3084 Calvariae
1624 3041 1817 3099 scriptae
1843 3047 1962 3091 sunt,
1989 3041 2088 3087 in4o

374 3112 2034 3126 *M

470 3140 480 3156 “¹
513 3136 769 3183 Kovacsoczy
798 3140 948 3174 Farkas
974 3142 1123 3187 erdelyi
1142 3143 1375 3177 kanczellar.
1434 3147 1446 3165 ⁸
1475 3143 1656 3178 Sombori
1674 3143 1814 3178 Laszlo
1831 3144 2034 3178 tanaesfir.
