2188 3535
323 182 391 217 152
1080 169 1154 204 No.
1192 180 1237 216 57
1687 173 1801 219 [¹581
1835 182 1924 218 aug.
1963 175 2008 210 18

317 292 440 334 Tuae
482 291 551 333 vel
594 290 735 346 patris
777 287 1062 344 provincialis
1104 287 1350 333 facultate:
1393 290 1590 333 maxime
1632 305 1736 333 cum
1768 290 2009 334 Cracoviae

318 362 490 404 nullum
526 361 583 402 sit
619 359 866 414 collegium,
904 358 983 400 sed
1017 358 1260 402 residentia
1294 364 1492 411 tantum,
1516 375 1657 418 eaque
1693 361 1803 403 satis
1837 361 2010 404 incerta

318 437 361 474 et
395 431 536 474 nostri
569 430 735 472 ibidem
769 433 958 484 anguste
992 434 1036 471 et
1070 429 1354 474 incommode
1384 432 1607 475 habitent.
1643 431 1862 488 Denique,
1886 432 2010 488 quod

317 507 431 544 esset
477 500 770 542 dificillimum
815 504 970 542 nostro
1014 500 1197 556 collegio
1241 501 1287 543 in
1330 502 1450 545 hisce
1494 502 1724 559 principiis
1768 507 1813 544 et
1857 502 2011 559 inopia

315 572 632 628 operariorum,
681 571 794 612 duos
838 571 1079 613 minimum
1123 571 1286 615 fratres
1330 587 1434 616 curn
1478 574 1573 629 ipso
1614 574 1809 623 mittere,
1844 587 2009 630 eosque
2038 581 2056 609 5

315 655 403 684 una
443 655 544 683 cum
584 645 767 696 aegroto
809 641 1050 684 Cracoviae
1089 643 1254 686 nostris
1292 643 1550 700 sumptibus
1589 644 1719 686 alere.
1774 645 2009 687 Postremo

314 711 558 767 periculum
591 710 691 761 fuit,
729 725 784 754 ne
822 712 868 753 in
899 711 1058 755 itinere
1089 714 1208 768 (cum
1233 714 1306 757 hic
1332 715 1597 770 praesertim
1624 715 1681 757 sit
1708 714 2007 771 hospitiorum

313 796 488 824 summa
528 782 891 838 incommoditas)
942 783 1106 826 alicubi
1147 785 1291 827 bonus
1333 791 1463 841 pater
1504 786 1700 835 deficiat,
1743 785 2007 842 praesertim

312 867 414 895 cum
437 852 494 894 sit
518 853 650 895 valde
673 853 831 896 debilis
853 859 898 896 et
934 854 1095 897 febrim
1119 855 1315 899 ethicam
1339 857 1603 899 continuam
1625 857 1792 899 habere
1815 856 2004 899 dicatur.

312 923 399 966 Sed
431 924 485 966 de
517 938 569 967 eo
601 924 755 980 scripsi
797 930 841 967 et
873 925 965 968 iam
1010 930 1117 968 ante
1150 927 1203 969 R.
1240 928 1287 969 P.
1331 928 1453 970 Tuae
1498 933 1542 970 et
1588 927 1709 983 patri
1741 927 2007 983 provinciali
2021 935 2058 962 10

311 995 357 1036 in
388 994 636 1045 Poloniam‚
670 995 706 1037 si
738 995 867 1045 forte,
901 996 993 1039 iam
1024 996 1086 1038 ibi
1118 1002 1198 1040 est.
1235 999 1289 1040 R.
1316 999 1363 1040 P.
1388 999 1511 1041 Tuae
1542 999 1696 1041 literas
1727 998 1918 1054 scriptas
1949 998 2007 1041 ad

312 1065 559 1121 principem
594 1071 814 1116 nostrum,
866 1067 958 1110 iarn
1009 1073 1255 1118 mortuum,
1309 1069 1600 1112 nihilominus
1650 1069 1710 1112 ad
1759 1069 2007 1126 principem

312 1149 501 1191 puerum
547 1142 593 1179 et
638 1137 912 1180 consiliarios
955 1138 1069 1181 misi.
1118 1139 1163 1182 Si
1208 1139 1318 1196 quid
1362 1141 1714 1197 respondebunt,
1773 1140 2010 1183 mittemus

312 1207 371 1249 ad
395 1208 448 1250 R.
473 1208 631 1251 Tuam.

445 1279 785 1322 Nudiustertius
808 1280 932 1322 venit
957 1281 1015 1323 ad
1038 1295 1119 1323 nos
1142 1281 1260 1325 Alba
1283 1283 1330 1324 P.
1358 1283 1736 1326 Bartholomaeus
1760 1282 2005 1325 Siondrata
2023 1290 2059 1318 15

312 1362 416 1392 curn
457 1350 504 1392 P.
548 1350 737 1406 Georgio
777 1352 916 1394 Toros
968 1356 1122 1394 nostro
1163 1353 1222 1395 ad
1262 1358 1474 1397 votorum
1514 1353 1872 1403 renovationem,
1928 1352 2006 1409 qui

311 1419 450 1463 etiam
477 1420 551 1462 hic
578 1422 843 1477 generaliter
869 1422 1098 1465 confessus
1125 1428 1192 1466 est
1220 1429 1264 1465 et
1294 1429 1404 1466 vota
1431 1439 1535 1467 curn
1562 1425 1726 1467 nostris
1753 1423 2005 1467 renovavit.

314 1491 538 1546 Exposuit
569 1492 708 1535 etiarn
737 1493 867 1535 nobis
897 1493 1190 1536 difficultates
1221 1500 1266 1536 et
1295 1495 1622 1551 impedimenta
1651 1509 1757 1538 suae
1786 1494 2008 1538 missionis

311 1565 356 1603 et
394 1562 629 1606 consilium
667 1577 694 1606 a
730 1564 859 1606 nobis
901 1564 1046 1620 petiit,
1087 1565 1305 1621 quidnam
1343 1566 1427 1622 ipsi
1465 1572 1580 1608 esset
1619 1565 1904 1608 faciendum:
1946 1579 2004 1607 an

310 1632 573 1676 rediendum
593 1634 651 1676 ad
669 1634 965 1685 visitatorem,
986 1635 1064 1692 qui
1083 1641 1238 1678 tamen
1256 1637 1553 1692 pollicebatur
1571 1651 1616 1679 se
1634 1638 1721 1679 huc
1741 1641 2003 1686 venturum,
2021 1644 2058 1671 2⁰

311 1716 369 1745 an
386 1704 650 1759 Ragusium,
670 1705 786 1748 sicut
805 1706 851 1748 P.
871 1706 1075 1748 Vicarius
1091 1707 1204 1749 velle
1220 1707 1474 1757 videbatur,
1499 1722 1557 1750 an
1578 1708 1649 1750 hic
1672 1707 2007 1764 expectandum

310 1787 575 1829 responsum
609 1777 662 1818 R.
693 1777 740 1818 P.
770 1777 925 1819 Tuae?
961 1777 1070 1819 Mihi
1102 1778 1213 1820 nihil
1245 1779 1442 1821 securius
1474 1779 1730 1828 videbatur,
1765 1792 1904 1835 quam
1935 1778 2007 1820 hic

311 1858 574 1900 responsum
611 1848 665 1889 R.
690 1848 812 1890 Tuae
848 1853 1099 1904 expectare,
1151 1854 1335 1905 propter
1370 1849 1520 1893 varias
1554 1849 1765 1899 rationes,
1803 1863 1917 1906 quas
1952 1863 2007 1891 ex

311 1915 451 1970 ipsius
474 1918 731 1960 narratione
755 1918 1025 1974 collegimus,
1052 1920 1249 1962 maxime
1272 1935 1376 1964 cum
1399 1935 1451 1963 ea
1474 1921 1528 1963 de
1552 1935 1598 1962 re
1622 1920 1682 1963 ad
1706 1922 1759 1963 R.
1787 1921 1835 1963 P.
1860 1921 2006 1963 Tuam

311 1991 355 2027 et
394 1987 576 2043 Posega,
617 1994 661 2030 et
699 1989 933 2045 Belgrado‚
974 1995 1018 2032 et
1056 1991 1340 2042 Temesvaro,
1379 1992 1426 2033 in
1458 2005 1610 2034 mense
1639 1991 1778 2047 Junio
1816 1996 1861 2033 et
1884 1991 2056 2047 Juli02⁵

310 2071 356 2098 se
390 2058 615 2114 scripsisse
663 2060 923 2110 affirmaret,
970 2066 1014 2103 et
1057 2075 1135 2117 per
1158 2062 1406 2118 Ragusium
1441 2063 1594 2105 literas
1628 2062 1847 2105 misisset:
1886 2062 2006 2104 unde

312 2132 356 2169 et
392 2143 655 2184 responsum
690 2131 816 2173 brevi
851 2137 1101 2187 expectare.
1148 2133 1280 2189 Quod
1314 2134 1350 2176 si
1384 2135 1471 2176 huc
1507 2134 1680 2176 venerit
1716 2133 1927 2176 visitator
1960 2137 2006 2175 et

310 2198 436 2241 illurn
482 2201 694 2244 comitem
740 2202 905 2245 habere
950 2203 1157 2253 voluerit,
1202 2205 1370 2260 poterit
1415 2205 1597 2248 interim
1643 2219 1746 2247 cum
1774 2204 1873 2260 ipso
1905 2218 2005 2260 pro-

309 2270 447 2324 gredi,
482 2271 623 2314 donec
655 2273 820 2315 certius
851 2273 1023 2330 aliquid
1052 2275 1221 2317 habeat
1254 2289 1280 2317 a
1313 2277 1367 2318 R.
1403 2277 1514 2319 Tua.
1549 2277 1678 2319 Certe
1722 2275 1811 2318 ista
1853 2275 2005 2318 missio

310 2341 474 2383 summi
507 2343 733 2398 pontificis
754 2345 851 2387 Deo
871 2345 1120 2400 inspirante
1154 2345 1277 2388 facta
1310 2352 1409 2398 est;
1445 2352 1651 2403 essetque
1685 2346 1894 2389 ecclesiae
1922 2345 2056 2388 Dei3⁰

310 2411 547 2456 utilissima
568 2419 612 2456 et
636 2416 732 2457 Deo
762 2415 983 2471 imprimis
1014 2421 1227 2472 accepta:
1256 2417 1291 2459 si
1320 2417 1462 2474 magis
1489 2418 1699 2461 idoneum
1722 2417 2005 2460 visitatorem

309 2487 444 2525 nacta
465 2483 634 2527 fuisset.
661 2486 780 2529 Nam
801 2486 873 2529 hic
896 2491 941 2529 et
956 2488 1151 2537 vetulus,
1181 2493 1319 2544 atque
1350 2489 1462 2532 adeo
1484 2489 1688 2532 infirmus
1709 2502 1803 2531 esse
1825 2487 2003 2538 dicitur,

310 2557 354 2594 et
378 2555 499 2609 quod
522 2555 648 2610 peius
671 2562 753 2607 est,
779 2571 869 2600 non
892 2572 996 2601 curn
1019 2558 1332 2602 aedificatione
1354 2559 1402 2602 id
1423 2559 1627 2603 officium
1649 2573 1812 2614 gerere,
1843 2563 1927 2601 etc.

427 2625 654 2669 Haberem
680 2633 724 2670 et
751 2629 968 2671 nonnulla
993 2629 1048 2671 de
1074 2644 1145 2672 me
1171 2630 1281 2685 ipso,
1310 2644 1426 2687 quae
1449 2633 1503 2673 R.
1523 2632 1571 2673 P.
1588 2631 1710 2673 Tuae
1736 2629 2002 2672 scriberem:

310 2708 429 2736 nunc
477 2697 685 2748 maxime,
738 2704 1038 2756 posteaquam
1088 2701 1302 2743 haeretici
1352 2701 1582 2757 postillam
1633 2701 1774 2744 edunt
1836 2700 2055 2743 directe35

311 2764 525 2820 scriptam
555 2774 712 2811 contra
741 2770 970 2825 postillam
999 2771 1283 2821 catholicam,
1315 2786 1453 2828 quarn
1485 2786 1565 2828 ego
1594 2776 1700 2814 ante
1729 2776 1832 2813 octo
1861 2785 2003 2814 annos

310 2835 512 2890 polonice
544 2852 646 2881 cum
678 2841 958 2896 superiorum
989 2841 1208 2884 facultate
1240 2842 1525 2885 edideram.1⁰
1559 2842 1710 2897 (Nulla
1745 2841 1865 2885 enim
1896 2847 2003 2884 ante

310 2906 426 2947 hanc
463 2907 546 2949 fuit
583 2911 763 2964 postilla
798 2912 1021 2954 catholica
1056 2918 1211 2954 nostra
1245 2912 1398 2968 lingua
1432 2913 1613 2969 scripta,
1651 2926 1754 2955 curn
1789 2913 2002 2955 haeretici

311 2975 402 3018 iam
446 2982 536 3019 tres
579 2981 782 3034 postillas
826 2983 1055 3038 polonicas
1098 2984 1348 3038 haberent.)
1405 2983 1514 3026 Eius
1557 2983 1764 3038 postillae
1808 2983 2001 3039 priorem

440 3077 471 3098 ¹⁰
497 3078 710 3123 Megjelent
738 3082 936 3129 »Postylla
960 3084 1236 3119 katholiczna«
1269 3084 1420 3119 czimen
1457 3085 1690 3126 Krakoban‚
1731 3086 1926 3131 1573-ban
1961 3086 2053 3120 es40

315 3136 506 3180 1575-ben
530 3138 629 3182 ujra.
