2188 3535
143 205 236 249 1582
267 203 351 237 okt.
390 204 452 247 19]
905 202 980 235 No.
1009 203 1053 247 78
1751 209 1826 241 229

139 326 218 363 aut
259 319 442 363 omnino
495 318 800 371 intercidisse;
862 320 939 362 sed
981 335 1036 363 ex
1077 318 1316 376 postremis
1356 319 1478 360 Tuae
1521 311 1620 359 Rtiae
1673 315 1826 364 literis,

140 404 206 446 14.
236 390 386 433 Martii
411 389 659 446 praesentis
683 391 815 432 huius
840 391 946 433 anni
973 392 1082 444 1582
1109 392 1167 433 ad
1192 406 1264 433 me
1289 389 1442 438 datis,2
1467 392 1588 431 certo
1614 386 1817 442 cognovi,
1866 399 1974 425 marcz.
1999 406 2040 430 14.

139 462 340 512 fideliter,
375 461 478 503 licet
512 460 769 503 tardissime
804 461 1003 503 redditas
1041 476 1146 504 esse.
1195 463 1344 517 Quare
1381 459 1491 501 nihil
1529 473 1705 501 necesse
1743 462 1826 505 est,

140 546 192 575 ea
225 532 296 574 hic
329 536 542 587 repetere,
582 546 698 587 quae
734 531 831 574 fuse
865 537 973 573 tunc
1008 532 1053 574 in
1087 532 1171 574 illis
1205 531 1562 588 perscripseram.
1600 529 1687 571 Sed
1720 528 1829 584 quia

91 614 108 640 5
138 603 184 644 in
218 602 389 645 ultimis
422 602 563 645 literis
601 603 660 644 ad
694 617 767 644 me
803 602 934 652 datis,
973 602 1125 645 omnia
1158 604 1256 645 Tua
1292 600 1563 645 Reverentia
1596 599 1748 642 reiecit
1783 598 1830 640 in

139 674 388 716 adventum
410 673 553 729 patris
575 672 839 715 Visitatoris
861 677 906 715 et
930 673 1233 722 Provincialis,
1257 678 1310 714 ut
1334 686 1449 728 quae
1471 671 1517 713 in
1538 672 1622 713 hoc
1645 668 1829 725 collegio

138 743 420 786 ordinatione
457 748 501 786 et
540 743 838 799 dispositione
875 743 1139 799 indigerent,
1178 744 1263 799 ipsi
1301 743 1560 786 ordinarent
1598 746 1642 783 et
1681 740 1829 795 dispo-

138 819 322 857 nerent:
356 815 473 857 hanc
505 815 564 857 ob
595 829 784 857 causam
817 814 1058 857 dicendum
1090 814 1199 856 mihi
1231 819 1416 857 tantum
1447 813 1493 854 in
1524 813 1608 854 hac
1640 810 1831 867 epistola

137 885 317 927 videtur
342 886 397 928 de
423 885 701 934 visitatione,
732 886 787 927 de
812 885 878 934 iis,
907 899 1022 941 quae
1048 890 1150 941 post
1177 900 1278 927 eam
1303 889 1409 927 sunt
1437 887 1678 926 consecuta
1703 886 1748 924 et
1775 881 1830 923 de

90 966 125 994 10
137 955 298 998 misero
331 961 457 999 statu
489 956 623 998 huius
659 956 758 998 loci.

251 1027 464 1070 Visitatio
496 1031 685 1083 peracta
717 1026 804 1068 fuit
840 1027 948 1080 1582
982 1041 1008 1068 a
1039 1026 1202 1082 quinta
1233 1026 1304 1068 die
1336 1024 1566 1068 Februarii
1597 1038 1740 1079 usque
1771 1022 1830 1065 ad
1846 1033 1928 1059 Febr.
1957 1041 1982 1065 ⁵.

137 1097 346 1153 quintam
370 1098 534 1142 Martii.
562 1099 636 1140 Ex
662 1110 713 1140 12
739 1097 882 1146 sociis,
908 1112 1021 1153 quos
1045 1099 1092 1140 P.
1119 1097 1340 1139 Visitator
1362 1111 1465 1138 cum
1490 1097 1536 1137 P.
1564 1092 1949 1136 ProvincialiMarcz.
1974 1112 2000 1136 5.

137 1183 192 1210 ex
222 1168 408 1211 Polonia
428 1170 516 1210 huc
539 1183 694 1211 secum
718 1169 1017 1218 adduxerant,
1043 1167 1375 1210 constituerunt
1398 1180 1540 1207 unum
1564 1163 1832 1207 Rhetoricae

137 1239 446 1294 professorem,
477 1239 587 1282 alios
630 1239 860 1281 auditores
888 1238 1120 1281 facultatis
1147 1238 1382 1286 oratoriae,
1413 1236 1522 1279 alios
1550 1249 1692 1283 cocos,
1723 1234 1832 1276 alios

90 1319 125 1346 15
138 1309 366 1352 sacristiae
395 1315 440 1352 et
470 1310 633 1365 templi
662 1309 928 1365 praefectos,
974 1309 1112 1351 alium
1156 1313 1400 1351 sarctorem
1430 1312 1474 1349 et
1505 1306 1643 1348 alium
1672 1304 1833 1347 ianito-

138 1394 258 1431 rem;
297 1385 535 1423 mutarunt
574 1385 619 1422 et
658 1380 914 1422 scholarum
949 1379 1245 1435 praefectum,
1270 1384 1315 1421 et
1337 1393 1505 1421 novam
1535 1376 1833 1419 adiiciendam

138 1451 325 1494 classem
369 1451 674 1501 Rhetoricae;
720 1455 764 1492 et
808 1450 926 1492 inter
969 1450 1194 1492 studiosos
1238 1464 1407 1492 novam
1450 1451 1687 1490 erexerunt
1731 1460 1834 1488 con-

137 1522 442 1577 gregationem
495 1523 547 1564 B.
606 1520 834 1577 Virginis;
891 1521 1226 1563 constituerunt
1280 1525 1512 1576 praeterea
1564 1523 1609 1560 et
1663 1532 1834 1559 novum

138 1597 474 1648 procuratorem
518 1594 569 1634 P.
604 1591 835 1634 Mathiam
868 1592 1105 1641 Thomani‚
1137 1592 1331 1634 eundem
1363 1596 1408 1633 et
1440 1589 1699 1632 ministrum
1741 1602 1834 1630 esse

90 1673 126 1700 20
138 1663 391 1712 voluerunt,
423 1663 539 1705 sicut
573 1667 672 1705 erat
703 1668 855 1705 antea.
890 1664 950 1704 Et
982 1662 1088 1718 quia
1118 1662 1336 1705 videbant
1367 1677 1444 1704 sex
1474 1674 1613 1717 pagos
1642 1663 1832 1707 nostros,

138 1748 331 1790 quorum
369 1734 497 1776 bonis
534 1733 714 1783 alimur,
755 1733 971 1776 ministris
1008 1733 1134 1775 verbi
1171 1733 1255 1776 Dei
1293 1747 1387 1775 esse
1425 1732 1668 1774 destitutos
1705 1734 1749 1772 et
1787 1744 1832 1771 se

138 1804 185 1846 in
210 1805 484 1847 conscientia
509 1804 654 1847 teneri
682 1805 742 1847 ad
767 1804 1100 1860 providendum
1126 1804 1210 1846 illis
1236 1804 1292 1846 de
1319 1803 1576 1859 pastoribus
1602 1800 1833 1843 catholicis

138 1876 258 1918 ultro
283 1880 329 1918 et
354 1876 547 1918 libenter
574 1876 894 1931 agnoscebant,
922 1875 989 1917 ita
1014 1875 1112 1917 illos
1137 1875 1255 1917 inter
1280 1877 1328 1917 P.
1358 1873 1579 1917 Mathiam
1606 1877 1650 1914 et
1678 1871 1832 1914 Marti-

138 1961 249 1989 num
271 1947 405 1990 Undo
428 1946 588 2002 partiti
610 1951 718 1988 sunt
743 1962 750 1990 :
774 1951 826 1988 ut
848 1946 920 1989 ille
943 1946 1003 1989 ad
1024 1951 1222 2002 quatuor
1241 1945 1503 1988 remotiores
1526 1944 1652 1986 festis
1674 1943 1831 1985 diebus

91 2022 405 2068 25excurreret,
448 2017 520 2059 hic
545 2031 654 2060 vero
677 2016 723 2058 in
747 2017 925 2059 duobus
944 2016 1103 2059 vicinis
1126 2017 1361 2059 conciones
1384 2016 1584 2063 haberet,
1611 2013 1833 2069 simulque

139 2088 272 2130 unius
315 2088 467 2131 classis
511 2102 670 2130 curam
714 2092 976 2130 assumeret.
1024 2090 1073 2130 P.
1120 2090 1282 2130 Petrus
1325 2089 1571 2142 Ungarus3
1614 2083 1830 2131 novicius,

140 2158 217 2215 qui
247 2159 320 2201 hic
352 2164 449 2202 erat
481 2159 719 2215 ingressus,
765 2158 932 2214 quique
963 2158 1148 2201 rectoris
1180 2163 1276 2201 erat
1308 2157 1540 2212 interpres,
1574 2160 1619 2198 et
1652 2169 1755 2197 eum
1787 2154 1834 2196 in

140 2230 510 2273 administrandis
556 2230 689 2272 rebus
735 2229 1059 2285 temporabilus
1101 2229 1304 2278 iuvabat,
1338 2242 1499 2283 meque
1530 2226 1601 2268 hic
1634 2224 1756 2267 domi
1787 2224 1833 2265 in

141 2300 511 2344 administrandis
545 2299 840 2343 sacramentis
873 2304 1105 2356 utcunque
1138 2299 1420 2346 sublevabat,
1474 2302 1705 2353 pertaesus
1738 2309 1833 2336 mo-

93 2371 388 2421 301estiarum,
408 2386 522 2427 quas
541 2385 645 2413 cum
662 2375 834 2413 rectore
852 2370 1054 2426 quotidie
1071 2369 1399 2425 experiebatur,
1419 2368 1611 2423 petierat
1630 2365 1800 2408 dimitti
1822 2379 1829 2407 :

143 2443 214 2485 cui
230 2457 358 2498 aegre
380 2456 644 2499 persuasum
667 2446 747 2492 est,
778 2446 830 2483 ut
855 2445 1056 2483 maneret
1073 2445 1118 2482 et
1134 2442 1496 2495 Braunspergam
1515 2440 1531 2465 4
1560 2437 1619 2479 ad
1634 2435 1834 2479 novicios

143 2513 511 2569 proficisceretur,
534 2517 586 2554 ut
608 2511 669 2554 ibi
691 2512 749 2554 ab
770 2511 967 2554 externis
988 2510 1275 2559 tumultibus,
1295 2510 1341 2552 in
1361 2509 1525 2565 quibus
1539 2508 1611 2550 hic
1626 2512 1833 2550 versatus

144 2583 305 2634 fuerat,
351 2583 615 2640 aliquandiu
658 2582 991 2638 conquiesceret
1027 2587 1072 2624 et
1104 2580 1335 2637 spriritum
1378 2583 1636 2622 resumeret.
1680 2579 1834 2633 Atque

144 2654 210 2698 ita
235 2655 283 2697 in
309 2669 382 2698 me
421 2655 567 2697 solum
595 2653 760 2696 reiecta
786 2658 853 2695 est
881 2652 1035 2695 concio
1062 2651 1266 2695 omnium
1293 2651 1525 2699 festorum,
1553 2648 1686 2692 lectio
1713 2652 1833 2691 cate-

96 2734 131 2761 35
145 2725 303 2768 chismi
350 2724 673 2782 pomeridiana,
723 2723 1056 2767 administratio
1104 2722 1307 2765 omnium
1354 2725 1739 2764 sacramentorum
1787 2723 1832 2760 et

145 2795 346 2839 visitatio
379 2796 661 2838 infirmorum
693 2795 740 2837 in
772 2794 959 2837 civitate
992 2798 1036 2836 et
1069 2793 1116 2835 in
1148 2798 1341 2849 utroque
1374 2791 1601 2835 suburbio.
1655 2789 1832 2833 Accidit

146 2881 474 2923 nonnunquam
496 2866 622 2909 festis
643 2865 907 2922 praesertim
930 2864 1100 2913 diebus,
1124 2868 1176 2905 ut
1199 2864 1356 2906 eodem
1379 2866 1611 2906 momento
1633 2861 1832 2917 quinque
1849 2848 2007 2924 Μζὲζῗέἐο

147 2943 226 2980 aut
263 2952 341 2980 sex
378 2937 511 2980 simul
542 2941 780 2980 occurrant
819 2936 996 2978 diversa
1027 2934 1175 2977 officia
1203 2934 1466 2976 subeunda:
1507 2937 1587 2976 aut
1626 2931 1832 2974 mulieres
1873 2953 1999 2971 suorum.

273 3052 288 3073 ²
316 3051 372 3085 Ez
398 3051 634 3085 ismeretlen.

100 3110 135 3136 40
274 3109 288 3129 ³
317 3109 373 3142 Ez
393 3119 486 3143 nem
513 3108 717 3154 Pazmany
739 3108 868 3144 Peter.

275 3167 289 3187 ⁴¹
317 3167 352 3200 A
377 3167 547 3201 varmiai
572 3167 837 3210 Braunsberg.
