<?xml version="1.0" encoding="UTF-8"?>
<!DOCTYPE html PUBLIC "-//W3C//DTD XHTML 1.0 Transitional//EN"
    "http://www.w3.org/TR/xhtml1/DTD/xhtml1-transitional.dtd">
<html xmlns="http://www.w3.org/1999/xhtml" xml:lang="en" lang="en">
 <head>
  <title>
</title>
<meta http-equiv="Content-Type" content="text/html;charset=utf-8" />
  <meta name='ocr-system' content='tesseract 3.04.00' />
  <meta name='ocr-capabilities' content='ocr_page ocr_carea ocr_par ocr_line ocrx_word'/>
</head>
<body>
  <div class='ocr_page' id='page_1' title='image "./epistolaeetactaj01vereuoft_0172.png"; bbox 0 0 2188 3535; ppageno 0'>
   <div class='ocr_carea' id='block_1_1' title="bbox 282 183 1977 231">
    <p class='ocr_par' dir='ltr' id='par_1_1' title="bbox 282 183 1977 231">
     <span class='ocr_line' id='line_1_1' title="bbox 282 183 1977 231; baseline -0.001 -10"><span class='ocrx_word' id='word_1_1' title='bbox 282 195 353 222; x_wconf 90' lang='lat'>120</span> <span class='ocrx_word' id='word_1_2' title='bbox 1048 183 1122 218; x_wconf 89' lang='lat' dir='ltr'>No.</span> <span class='ocrx_word' id='word_1_3' title='bbox 1155 193 1202 230; x_wconf 82' lang='lat'>45</span> <span class='ocrx_word' id='word_1_4' title='bbox 1730 185 1850 231; x_wconf 82' lang='lat'>[1580</span> <span class='ocrx_word' id='word_1_5' title='bbox 1879 185 1977 230; x_wconf 75' lang='lat' dir='ltr'>vege</span> 
     </span>
    </p>
   </div>
   <div class='ocr_carea' id='block_1_2' title="bbox 277 300 1974 555">
    <p class='ocr_par' dir='ltr' id='par_1_2' title="bbox 277 300 1974 555">
     <span class='ocr_line' id='line_1_2' title="bbox 279 300 1974 358; baseline -0.001 -13"><span class='ocrx_word' id='word_1_6' title='bbox 279 303 380 345; x_wconf 93' lang='lat' dir='ltr'>den.</span> <span class='ocrx_word' id='word_1_7' title='bbox 418 315 483 345; x_wconf 91' lang='lat'>10.</span> <span class='ocrx_word' id='word_1_8' title='bbox 520 303 688 345; x_wconf 88' lang='lat' dir='ltr'>Verum</span> <span class='ocrx_word' id='word_1_9' title='bbox 718 300 789 343; x_wconf 88' lang='lat' dir='ltr'>hic</span> <span class='ocrx_word' id='word_1_10' title='bbox 824 300 937 342; x_wconf 92' lang='lat' dir='ltr'>illud</span> <span class='ocrx_word' id='word_1_11' title='bbox 967 301 1318 351; x_wconf 89' lang='lat' dir='ltr'>observandum,</span> <span class='ocrx_word' id='word_1_12' title='bbox 1353 302 1478 358; x_wconf 94' lang='lat' dir='ltr'>quod</span> <span class='ocrx_word' id='word_1_13' title='bbox 1499 301 1683 358; x_wconf 91' lang='lat' dir='ltr'>quando</span> <span class='ocrx_word' id='word_1_14' title='bbox 1704 301 1974 344; x_wconf 90' lang='lat' dir='ltr'>habebimus</span> 
     </span>
     <span class='ocr_line' id='line_1_3' title="bbox 277 370 1973 428; baseline -0.001 -13"><span class='ocrx_word' id='word_1_15' title='bbox 277 373 498 428; x_wconf 82' lang='lat' dir='ltr'>parochos</span> <span class='ocrx_word' id='word_1_16' title='bbox 534 372 581 413; x_wconf 91' lang='lat' dir='ltr'>in</span> <span class='ocrx_word' id='word_1_17' title='bbox 618 370 804 426; x_wconf 91' lang='lat' dir='ltr'>singulis</span> <span class='ocrx_word' id='word_1_18' title='bbox 840 370 983 426; x_wconf 82' lang='lat' dir='ltr'>pagis,</span> <span class='ocrx_word' id='word_1_19' title='bbox 1022 375 1133 413; x_wconf 90' lang='lat' dir='ltr'>tunc</span> <span class='ocrx_word' id='word_1_20' title='bbox 1169 372 1400 427; x_wconf 83' lang='lat' dir='ltr'>oportebit</span> <span class='ocrx_word' id='word_1_21' title='bbox 1438 373 1523 414; x_wconf 91' lang='lat' dir='ltr'>illis</span> <span class='ocrx_word' id='word_1_22' title='bbox 1557 373 1730 415; x_wconf 90' lang='lat' dir='ltr'>solvere</span> <span class='ocrx_word' id='word_1_23' title='bbox 1760 376 1973 428; x_wconf 85' lang='lat' dir='ltr'>quartam</span> 
     </span>
     <span class='ocr_line' id='line_1_4' title="bbox 277 440 1972 498; baseline -0.001 -13"><span class='ocrx_word' id='word_1_24' title='bbox 277 448 454 498; x_wconf 90' lang='lat' dir='ltr'>partem</span> <span class='ocrx_word' id='word_1_25' title='bbox 480 456 535 484; x_wconf 84' lang='lat' dir='ltr'>ex</span> <span class='ocrx_word' id='word_1_26' title='bbox 562 441 746 483; x_wconf 82' lang='lat' dir='ltr'>decimis</span> <span class='ocrx_word' id='word_1_27' title='bbox 773 440 976 483; x_wconf 91' lang='lat' dir='ltr'>omnium</span> <span class='ocrx_word' id='word_1_28' title='bbox 1002 455 1236 497; x_wconf 87' lang='lat' dir='ltr'>pagorum,</span> <span class='ocrx_word' id='word_1_29' title='bbox 1265 447 1310 484; x_wconf 92' lang='lat' dir='ltr'>et</span> <span class='ocrx_word' id='word_1_30' title='bbox 1337 447 1448 485; x_wconf 91' lang='lat' dir='ltr'>tunc</span> <span class='ocrx_word' id='word_1_31' title='bbox 1474 443 1552 485; x_wconf 84' lang='lat' dir='ltr'>vix</span> <span class='ocrx_word' id='word_1_32' title='bbox 1579 442 1710 485; x_wconf 90' lang='lat' dir='ltr'>nobis</span> <span class='ocrx_word' id='word_1_33' title='bbox 1735 443 1972 484; x_wconf 88' lang='lat' dir='ltr'>restabunt</span> 
     </span>
     <span class='ocr_line' id='line_1_5' title="bbox 277 512 764 555; baseline -0.004 0"><span class='ocrx_word' id='word_1_34' title='bbox 277 514 319 555; x_wconf 89' lang='lat' dir='ltr'>fl.</span> <span class='ocrx_word' id='word_1_35' title='bbox 358 512 497 554; x_wconf 90' lang='lat' dir='ltr'>annui</span> <span class='ocrx_word' id='word_1_36' title='bbox 535 514 700 553; x_wconf 70' lang='lat' dir='ltr'>1ooo.{·</span> <span class='ocrx_word' id='word_1_37' title='bbox 757 542 764 546; x_wconf 89' lang='lat'>-</span> 
     </span>
    </p>
   </div>
   <div class='ocr_carea' id='block_1_3' title="bbox 275 616 2021 743">
    <p class='ocr_par' dir='ltr' id='par_1_3' title="bbox 275 616 2021 743">
     <span class='ocr_line' id='line_1_6' title="bbox 392 616 2021 675; baseline 0.001 -17"><span class='ocrx_word' id='word_1_38' title='bbox 392 617 650 659; x_wconf 84' lang='lat' dir='ltr'>Proventus</span> <span class='ocrx_word' id='word_1_39' title='bbox 680 629 861 659; x_wconf 93' lang='lat' dir='ltr'>annuus</span> <span class='ocrx_word' id='word_1_40' title='bbox 889 616 1083 660; x_wconf 88' lang='lat' dir='ltr'>aliorum</span> <span class='ocrx_word' id='word_1_41' title='bbox 1113 617 1252 661; x_wconf 91' lang='lat' dir='ltr'>trium</span> <span class='ocrx_word' id='word_1_42' title='bbox 1282 633 1503 675; x_wconf 83' lang='lat' dir='ltr'>pagorum</span> <span class='ocrx_word' id='word_1_43' title='bbox 1536 617 1756 673; x_wconf 79' lang='lat' dir='ltr'>Kajantc&#39;).</span> <span class='ocrx_word' id='word_1_44' title='bbox 1783 618 1973 661; x_wconf 89' lang='lat' dir='ltr'>Tiburcz</span> <span class='ocrx_word' id='word_1_45' title='bbox 2002 627 2021 655; x_wconf 82' lang='lat'><strong>5</strong></span> 
     </span>
     <span class='ocr_line' id='line_1_7' title="bbox 275 687 1185 743; baseline 0.001 -13"><span class='ocrx_word' id='word_1_46' title='bbox 275 691 320 730; x_wconf 88' lang='lat' dir='ltr'>et</span> <span class='ocrx_word' id='word_1_47' title='bbox 352 687 640 743; x_wconf 63' lang='lat' dir='ltr'>Bogartelke,</span> <span class='ocrx_word' id='word_1_48' title='bbox 673 688 752 743; x_wconf 92' lang='lat' dir='ltr'>qui</span> <span class='ocrx_word' id='word_1_49' title='bbox 782 692 890 730; x_wconf 92' lang='lat' dir='ltr'>sunt</span> <span class='ocrx_word' id='word_1_50' title='bbox 920 687 1185 731; x_wconf 89' lang='lat' dir='ltr'>redimendi.</span> 
     </span>
    </p>
   </div>
   <div class='ocr_carea' id='block_1_4' title="bbox 276 821 2025 1462">
    <p class='ocr_par' dir='ltr' id='par_1_4' title="bbox 1002 821 1218 871">
     <span class='ocr_line' id='line_1_8' title="bbox 1002 821 1218 871; baseline 0.019 -12"><span class='ocrx_word' id='word_1_51' title='bbox 1002 821 1218 871; x_wconf 69' lang='lat' dir='ltr'>Kajantb.</span> 
     </span>
    </p>

    <p class='ocr_par' dir='ltr' id='par_1_5' title="bbox 276 910 2025 1462">
     <span class='ocr_line' id='line_1_9' title="bbox 393 910 1970 967; baseline 0.001 -14"><span class='ocrx_word' id='word_1_52' title='bbox 393 910 548 953; x_wconf 91' lang='lat' dir='ltr'>Coloni</span> <span class='ocrx_word' id='word_1_53' title='bbox 568 924 756 953; x_wconf 91' lang='lat' dir='ltr'>numero</span> <span class='ocrx_word' id='word_1_54' title='bbox 778 916 884 953; x_wconf 90' lang='lat' dir='ltr'>sunt</span> <span class='ocrx_word' id='word_1_55' title='bbox 907 924 975 967; x_wconf 87' lang='lat'>92.</span> <span class='ocrx_word' id='word_1_56' title='bbox 1000 912 1209 954; x_wconf 81' lang='lat' dir='ltr'>Mulieres</span> <span class='ocrx_word' id='word_1_57' title='bbox 1229 912 1395 955; x_wconf 88' lang='lat' dir='ltr'>viduae</span> <span class='ocrx_word' id='word_1_58' title='bbox 1419 914 1485 956; x_wconf 89' lang='lat'>16.</span> <span class='ocrx_word' id='word_1_59' title='bbox 1510 914 1686 956; x_wconf 92' lang='lat' dir='ltr'>Domus</span> <span class='ocrx_word' id='word_1_60' title='bbox 1706 912 1909 954; x_wconf 87' lang='lat' dir='ltr'>desertae</span> <span class='ocrx_word' id='word_1_61' title='bbox 1931 924 1970 966; x_wconf 93' lang='lat'>7.</span> 
     </span>
     <span class='ocr_line' id='line_1_10' title="bbox 282 980 1970 1037; baseline 0.001 -15"><span class='ocrx_word' id='word_1_62' title='bbox 282 980 370 1037; x_wconf 76' lang='lat' dir='ltr'>Qui</span> <span class='ocrx_word' id='word_1_63' title='bbox 391 981 531 1023; x_wconf 90' lang='lat' dir='ltr'>boves</span> <span class='ocrx_word' id='word_1_64' title='bbox 551 981 723 1023; x_wconf 91' lang='lat' dir='ltr'>habent</span> <span class='ocrx_word' id='word_1_65' title='bbox 745 987 851 1024; x_wconf 90' lang='lat' dir='ltr'>sunt</span> <span class='ocrx_word' id='word_1_66' title='bbox 875 995 942 1036; x_wconf 87' lang='lat'>33.</span> <span class='ocrx_word' id='word_1_67' title='bbox 969 983 1137 1025; x_wconf 89' lang='lat' dir='ltr'>Census</span> <span class='ocrx_word' id='word_1_68' title='bbox 1159 997 1337 1026; x_wconf 91' lang='lat' dir='ltr'>annuus</span> <span class='ocrx_word' id='word_1_69' title='bbox 1358 984 1492 1026; x_wconf 89' lang='lat' dir='ltr'>villae</span> <span class='ocrx_word' id='word_1_70' title='bbox 1513 988 1621 1026; x_wconf 91' lang='lat' dir='ltr'>sunt</span> <span class='ocrx_word' id='word_1_71' title='bbox 1643 984 1685 1026; x_wconf 99' lang='grc' dir='ltr'>Η.</span> <span class='ocrx_word' id='word_1_72' title='bbox 1711 995 1749 1026; x_wconf 90' lang='lat'>2.</span> <span class='ocrx_word' id='word_1_73' title='bbox 1775 982 1876 1025; x_wconf 91' lang='lat' dir='ltr'>den.</span> <span class='ocrx_word' id='word_1_74' title='bbox 1900 994 1970 1037; x_wconf 88' lang='lat' dir='ltr'>4o.</span> 
     </span>
     <span class='ocr_line' id='line_1_11' title="bbox 277 1051 2023 1110; baseline -0.001 -16"><span class='ocrx_word' id='word_1_75' title='bbox 277 1051 445 1094; x_wconf 89' lang='lat' dir='ltr'>Census</span> <span class='ocrx_word' id='word_1_76' title='bbox 469 1051 593 1093; x_wconf 90' lang='lat' dir='ltr'>tertii</span> <span class='ocrx_word' id='word_1_77' title='bbox 617 1052 834 1109; x_wconf 91' lang='lat' dir='ltr'>cuiusque</span> <span class='ocrx_word' id='word_1_78' title='bbox 859 1053 966 1095; x_wconf 90' lang='lat' dir='ltr'>anni</span> <span class='ocrx_word' id='word_1_79' title='bbox 990 1055 1033 1096; x_wconf 91' lang='lat' dir='ltr'>fl.</span> <span class='ocrx_word' id='word_1_80' title='bbox 1062 1064 1117 1108; x_wconf 86' lang='lat'>50</span> <span class='ocrx_word' id='word_1_81' title='bbox 1142 1058 1188 1096; x_wconf 90' lang='lat' dir='ltr'>et</span> <span class='ocrx_word' id='word_1_82' title='bbox 1213 1054 1294 1096; x_wconf 93' lang='lat' dir='ltr'>bos</span> <span class='ocrx_word' id='word_1_83' title='bbox 1321 1068 1453 1105; x_wconf 87' lang='lat' dir='ltr'>unus,</span> <span class='ocrx_word' id='word_1_84' title='bbox 1481 1054 1559 1110; x_wconf 93' lang='lat' dir='ltr'>qui</span> <span class='ocrx_word' id='word_1_85' title='bbox 1583 1053 1716 1096; x_wconf 93' lang='lat' dir='ltr'>simul</span> <span class='ocrx_word' id='word_1_86' title='bbox 1745 1052 1972 1096; x_wconf 89' lang='lat' dir='ltr'>coniuncti</span> <span class='ocrx_word' id='word_1_87' title='bbox 1988 1062 2023 1090; x_wconf 85' lang='lat'>10</span> 
     </span>
     <span class='ocr_line' id='line_1_12' title="bbox 277 1121 1975 1180; baseline 0.001 -17"><span class='ocrx_word' id='word_1_88' title='bbox 277 1121 451 1164; x_wconf 85' lang='lat' dir='ltr'>faciunt</span> <span class='ocrx_word' id='word_1_89' title='bbox 480 1136 683 1165; x_wconf 91' lang='lat' dir='ltr'>annuum</span> <span class='ocrx_word' id='word_1_90' title='bbox 719 1137 903 1166; x_wconf 87' lang='lat' dir='ltr'>censum</span> <span class='ocrx_word' id='word_1_91' title='bbox 939 1125 982 1166; x_wconf 91' lang='lat' dir='ltr'>fl.</span> <span class='ocrx_word' id='word_1_92' title='bbox 1022 1137 1077 1180; x_wconf 89' lang='lat'>27</span> <span class='ocrx_word' id='word_1_93' title='bbox 1113 1124 1214 1167; x_wconf 91' lang='lat' dir='ltr'>den.</span> <span class='ocrx_word' id='word_1_94' title='bbox 1244 1151 1290 1156; x_wconf 89' lang='lat'>—</span> <span class='ocrx_word' id='word_1_95' title='bbox 1317 1126 1574 1167; x_wconf 87' lang='lat' dir='ltr'>Proventus</span> <span class='ocrx_word' id='word_1_96' title='bbox 1609 1124 1750 1166; x_wconf 89' lang='lat' dir='ltr'>tritici</span> <span class='ocrx_word' id='word_1_97' title='bbox 1786 1128 1883 1166; x_wconf 91' lang='lat' dir='ltr'>tam</span> <span class='ocrx_word' id='word_1_98' title='bbox 1919 1137 1975 1166; x_wconf 87' lang='lat' dir='ltr'>ex</span> 
     </span>
     <span class='ocr_line' id='line_1_13' title="bbox 276 1192 1972 1252; baseline 0.001 -18"><span class='ocrx_word' id='word_1_99' title='bbox 276 1192 476 1248; x_wconf 91' lang='lat' dir='ltr'>praedio,</span> <span class='ocrx_word' id='word_1_100' title='bbox 507 1207 646 1249; x_wconf 92' lang='lat' dir='ltr'>quam</span> <span class='ocrx_word' id='word_1_101' title='bbox 676 1193 861 1236; x_wconf 87' lang='lat' dir='ltr'>decimis</span> <span class='ocrx_word' id='word_1_102' title='bbox 890 1200 1042 1250; x_wconf 88' lang='lat' dir='ltr'>potest</span> <span class='ocrx_word' id='word_1_103' title='bbox 1072 1195 1303 1238; x_wconf 90' lang='lat' dir='ltr'>aestimari</span> <span class='ocrx_word' id='word_1_104' title='bbox 1332 1195 1579 1252; x_wconf 84' lang='lat' dir='ltr'>quotannis</span> <span class='ocrx_word' id='word_1_105' title='bbox 1608 1195 1786 1238; x_wconf 88' lang='lat' dir='ltr'>circiter</span> <span class='ocrx_word' id='word_1_106' title='bbox 1806 1196 1849 1237; x_wconf 91' lang='lat' dir='ltr'>fl.</span> <span class='ocrx_word' id='word_1_107' title='bbox 1877 1206 1972 1248; x_wconf 89' lang='lat'>124.</span> 
     </span>
     <span class='ocr_line' id='line_1_14' title="bbox 278 1263 1972 1320; baseline 0.001 -16"><span class='ocrx_word' id='word_1_108' title='bbox 278 1263 534 1305; x_wconf 87' lang='lat' dir='ltr'>Proventus</span> <span class='ocrx_word' id='word_1_109' title='bbox 563 1277 734 1306; x_wconf 89' lang='lat' dir='ltr'>avenae</span> <span class='ocrx_word' id='word_1_110' title='bbox 764 1264 940 1307; x_wconf 88' lang='lat' dir='ltr'>circiter</span> <span class='ocrx_word' id='word_1_111' title='bbox 968 1267 1011 1308; x_wconf 91' lang='lat' dir='ltr'>fl.</span> <span class='ocrx_word' id='word_1_112' title='bbox 1043 1279 1112 1320; x_wconf 89' lang='lat'>40.</span> <span class='ocrx_word' id='word_1_113' title='bbox 1145 1280 1201 1308; x_wconf 87' lang='lat' dir='ltr'>ex</span> <span class='ocrx_word' id='word_1_114' title='bbox 1231 1266 1416 1309; x_wconf 90' lang='lat' dir='ltr'>decimis</span> <span class='ocrx_word' id='word_1_115' title='bbox 1445 1266 1540 1309; x_wconf 91' lang='lat' dir='ltr'>vini</span> <span class='ocrx_word' id='word_1_116' title='bbox 1570 1266 1659 1308; x_wconf 89' lang='lat' dir='ltr'>tria</span> <span class='ocrx_word' id='word_1_117' title='bbox 1687 1280 1799 1308; x_wconf 92' lang='lat' dir='ltr'>vasa</span> <span class='ocrx_word' id='word_1_118' title='bbox 1827 1267 1870 1309; x_wconf 92' lang='lat' dir='ltr'>fl.</span> <span class='ocrx_word' id='word_1_119' title='bbox 1904 1277 1972 1318; x_wconf 84' lang='lat'>30.</span> 
     </span>
     <span class='ocr_line' id='line_1_15' title="bbox 278 1333 1975 1392; baseline 0.001 -17"><span class='ocrx_word' id='word_1_120' title='bbox 278 1333 465 1376; x_wconf 83' lang='lat' dir='ltr'>Summa</span> <span class='ocrx_word' id='word_1_121' title='bbox 486 1333 595 1376; x_wconf 88' lang='lat' dir='ltr'>facit</span> <span class='ocrx_word' id='word_1_122' title='bbox 617 1335 659 1377; x_wconf 91' lang='lat' dir='ltr'>fl.</span> <span class='ocrx_word' id='word_1_123' title='bbox 684 1347 752 1389; x_wconf 87' lang='lat'>70.</span> <span class='ocrx_word' id='word_1_124' title='bbox 777 1337 847 1378; x_wconf 87' lang='lat' dir='ltr'>Ex</span> <span class='ocrx_word' id='word_1_125' title='bbox 869 1336 1054 1378; x_wconf 89' lang='lat' dir='ltr'>decimis</span> <span class='ocrx_word' id='word_1_126' title='bbox 1070 1337 1174 1392; x_wconf 84' lang='lat' dir='ltr'>agni</span> <span class='ocrx_word' id='word_1_127' title='bbox 1197 1350 1264 1386; x_wconf 94' lang='lat'>10,</span> <span class='ocrx_word' id='word_1_128' title='bbox 1289 1337 1463 1379; x_wconf 82' lang='lat' dir='ltr'>faciunt</span> <span class='ocrx_word' id='word_1_129' title='bbox 1483 1338 1527 1380; x_wconf 90' lang='lat' dir='ltr'>fi.</span> <span class='ocrx_word' id='word_1_130' title='bbox 1550 1350 1590 1380; x_wconf 90' lang='lat'>2.</span> <span class='ocrx_word' id='word_1_131' title='bbox 1614 1337 1820 1380; x_wconf 90' lang='lat' dir='ltr'>Gallinae</span> <span class='ocrx_word' id='word_1_132' title='bbox 1840 1340 1910 1378; x_wconf 90' lang='lat' dir='ltr'>ter</span> <span class='ocrx_word' id='word_1_133' title='bbox 1929 1335 1975 1377; x_wconf 94' lang='lat' dir='ltr'>in</span> 
     </span>
     <span class='ocr_line' id='line_1_16' title="bbox 278 1404 2025 1462; baseline 0.002 -17"><span class='ocrx_word' id='word_1_134' title='bbox 278 1417 397 1446; x_wconf 91' lang='lat' dir='ltr'>anno</span> <span class='ocrx_word' id='word_1_135' title='bbox 416 1404 590 1446; x_wconf 82' lang='lat' dir='ltr'>faciunt</span> <span class='ocrx_word' id='word_1_136' title='bbox 610 1406 652 1447; x_wconf 89' lang='lat' dir='ltr'>fl.</span> <span class='ocrx_word' id='word_1_137' title='bbox 674 1406 714 1448; x_wconf 86' lang='lat'>8.</span> <span class='ocrx_word' id='word_1_138' title='bbox 736 1407 778 1449; x_wconf 88' lang='lat' dir='ltr'>fl.</span> <span class='ocrx_word' id='word_1_139' title='bbox 803 1419 868 1448; x_wconf 92' lang='lat'>10.</span> <span class='ocrx_word' id='word_1_140' title='bbox 891 1407 982 1449; x_wconf 89' lang='lat' dir='ltr'>Bos</span> <span class='ocrx_word' id='word_1_141' title='bbox 1000 1421 1104 1449; x_wconf 88' lang='lat' dir='ltr'>cum</span> <span class='ocrx_word' id='word_1_142' title='bbox 1123 1421 1259 1450; x_wconf 89' lang='lat' dir='ltr'>censu</span> <span class='ocrx_word' id='word_1_143' title='bbox 1278 1409 1320 1450; x_wconf 90' lang='lat' dir='ltr'>fl.</span> <span class='ocrx_word' id='word_1_144' title='bbox 1343 1421 1382 1451; x_wconf 91' lang='lat'>2.</span> <span class='ocrx_word' id='word_1_145' title='bbox 1405 1409 1593 1451; x_wconf 84' lang='lat' dir='ltr'>Summa</span> <span class='ocrx_word' id='word_1_146' title='bbox 1610 1409 1654 1451; x_wconf 89' lang='lat' dir='ltr'>fl.</span> <span class='ocrx_word' id='word_1_147' title='bbox 1676 1420 1760 1462; x_wconf 84' lang='lat'>233</span> <span class='ocrx_word' id='word_1_148' title='bbox 1780 1408 1880 1450; x_wconf 90' lang='lat' dir='ltr'>den.</span> <span class='ocrx_word' id='word_1_149' title='bbox 1902 1415 2025 1461; x_wconf 77' lang='lat'>40.15</span> 
     </span>
    </p>
   </div>
   <div class='ocr_carea' id='block_1_5' title="bbox 1011 1540 1212 1581">
    <p class='ocr_par' dir='ltr' id='par_1_6' title="bbox 1011 1540 1212 1581">
     <span class='ocr_line' id='line_1_17' title="bbox 1011 1540 1212 1581; baseline 0.015 -3"><span class='ocrx_word' id='word_1_150' title='bbox 1011 1540 1212 1581; x_wconf 91' lang='lat' dir='ltr'>Tiburcz.</span> 
     </span>
    </p>
   </div>
   <div class='ocr_carea' id='block_1_6' title="bbox 275 1624 2026 2108">
    <p class='ocr_par' dir='ltr' id='par_1_7' title="bbox 275 1624 2026 2108">
     <span class='ocr_line' id='line_1_18' title="bbox 397 1624 1972 1687; baseline 0.003 -21"><span class='ocrx_word' id='word_1_151' title='bbox 397 1624 551 1667; x_wconf 91' lang='lat' dir='ltr'>Coloni</span> <span class='ocrx_word' id='word_1_152' title='bbox 580 1631 685 1667; x_wconf 92' lang='lat' dir='ltr'>sunt</span> <span class='ocrx_word' id='word_1_153' title='bbox 715 1640 902 1669; x_wconf 89' lang='lat' dir='ltr'>numero</span> <span class='ocrx_word' id='word_1_154' title='bbox 931 1629 999 1681; x_wconf 86' lang='lat'>36.</span> <span class='ocrx_word' id='word_1_155' title='bbox 1030 1629 1206 1672; x_wconf 88' lang='lat' dir='ltr'>Viduae</span> <span class='ocrx_word' id='word_1_156' title='bbox 1235 1643 1274 1673; x_wconf 91' lang='lat'>2.</span> <span class='ocrx_word' id='word_1_157' title='bbox 1313 1631 1400 1687; x_wconf 78' lang='lat' dir='ltr'>Qui</span> <span class='ocrx_word' id='word_1_158' title='bbox 1428 1632 1568 1673; x_wconf 85' lang='lat' dir='ltr'>boves</span> <span class='ocrx_word' id='word_1_159' title='bbox 1596 1631 1768 1672; x_wconf 90' lang='lat' dir='ltr'>habent</span> <span class='ocrx_word' id='word_1_160' title='bbox 1797 1634 1904 1672; x_wconf 91' lang='lat' dir='ltr'>sunt</span> <span class='ocrx_word' id='word_1_161' title='bbox 1933 1639 1972 1682; x_wconf 88' lang='lat'>5.</span> 
     </span>
     <span class='ocr_line' id='line_1_19' title="bbox 279 1695 1976 1755; baseline 0.003 -19"><span class='ocrx_word' id='word_1_162' title='bbox 279 1696 453 1737; x_wconf 89' lang='lat' dir='ltr'>Domus</span> <span class='ocrx_word' id='word_1_163' title='bbox 481 1695 683 1738; x_wconf 87' lang='lat' dir='ltr'>desertae</span> <span class='ocrx_word' id='word_1_164' title='bbox 711 1709 750 1750; x_wconf 87' lang='lat'>3.</span> <span class='ocrx_word' id='word_1_165' title='bbox 781 1698 949 1740; x_wconf 88' lang='lat' dir='ltr'>Census</span> <span class='ocrx_word' id='word_1_166' title='bbox 976 1713 1156 1742; x_wconf 90' lang='lat' dir='ltr'>annuus</span> <span class='ocrx_word' id='word_1_167' title='bbox 1183 1700 1283 1744; x_wconf 87' lang='lat' dir='ltr'>den.</span> <span class='ocrx_word' id='word_1_168' title='bbox 1314 1702 1382 1745; x_wconf 95' lang='lat'>66.</span> <span class='ocrx_word' id='word_1_169' title='bbox 1413 1702 1582 1744; x_wconf 87' lang='lat' dir='ltr'>Census</span> <span class='ocrx_word' id='word_1_170' title='bbox 1608 1701 1731 1743; x_wconf 91' lang='lat' dir='ltr'>tertii</span> <span class='ocrx_word' id='word_1_171' title='bbox 1759 1700 1976 1755; x_wconf 91' lang='lat' dir='ltr'>cuiusque</span> 
     </span>
     <span class='ocr_line' id='line_1_20' title="bbox 279 1766 1976 1826; baseline 0.003 -20"><span class='ocrx_word' id='word_1_172' title='bbox 279 1766 387 1807; x_wconf 90' lang='lat' dir='ltr'>anni</span> <span class='ocrx_word' id='word_1_173' title='bbox 422 1767 464 1808; x_wconf 91' lang='lat' dir='ltr'>fl.</span> <span class='ocrx_word' id='word_1_174' title='bbox 506 1767 559 1809; x_wconf 88' lang='lat'>16</span> <span class='ocrx_word' id='word_1_175' title='bbox 593 1771 638 1808; x_wconf 92' lang='lat' dir='ltr'>et</span> <span class='ocrx_word' id='word_1_176' title='bbox 674 1768 756 1809; x_wconf 91' lang='lat' dir='ltr'>bos</span> <span class='ocrx_word' id='word_1_177' title='bbox 790 1782 921 1818; x_wconf 60' lang='lat' dir='ltr'>unus</span> <span class='ocrx_word' id='word_1_178' title='bbox 959 1770 1037 1826; x_wconf 91' lang='lat' dir='ltr'>qui</span> <span class='ocrx_word' id='word_1_179' title='bbox 1072 1771 1205 1813; x_wconf 90' lang='lat' dir='ltr'>simul</span> <span class='ocrx_word' id='word_1_180' title='bbox 1241 1772 1471 1814; x_wconf 88' lang='lat' dir='ltr'>coniuncti</span> <span class='ocrx_word' id='word_1_181' title='bbox 1506 1772 1681 1814; x_wconf 78' lang='lat' dir='ltr'>faciunt</span> <span class='ocrx_word' id='word_1_182' title='bbox 1716 1771 1763 1813; x_wconf 92' lang='lat' dir='ltr'>in</span> <span class='ocrx_word' id='word_1_183' title='bbox 1797 1783 1976 1812; x_wconf 89' lang='lat' dir='ltr'>summa</span> 
     </span>
     <span class='ocr_line' id='line_1_21' title="bbox 277 1836 2026 1898; baseline 0.003 -20"><span class='ocrx_word' id='word_1_184' title='bbox 277 1836 319 1878; x_wconf 91' lang='lat' dir='ltr'>fl.</span> <span class='ocrx_word' id='word_1_185' title='bbox 360 1836 385 1878; x_wconf 90' lang='lat'>8</span> <span class='ocrx_word' id='word_1_186' title='bbox 424 1836 524 1879; x_wconf 92' lang='lat' dir='ltr'>den.</span> <span class='ocrx_word' id='word_1_187' title='bbox 564 1837 632 1879; x_wconf 93' lang='lat'>66.</span> <span class='ocrx_word' id='word_1_188' title='bbox 674 1838 929 1881; x_wconf 91' lang='lat' dir='ltr'>Proventus</span> <span class='ocrx_word' id='word_1_189' title='bbox 967 1854 1146 1883; x_wconf 91' lang='lat' dir='ltr'>annuus</span> <span class='ocrx_word' id='word_1_190' title='bbox 1183 1842 1326 1884; x_wconf 90' lang='lat' dir='ltr'>tritici</span> <span class='ocrx_word' id='word_1_191' title='bbox 1361 1842 1593 1885; x_wconf 89' lang='lat' dir='ltr'>aestimari</span> <span class='ocrx_word' id='word_1_192' title='bbox 1629 1846 1782 1898; x_wconf 90' lang='lat' dir='ltr'>potest</span> <span class='ocrx_word' id='word_1_193' title='bbox 1819 1842 1863 1884; x_wconf 88' lang='grc' dir='ltr'>Η.</span> <span class='ocrx_word' id='word_1_194' title='bbox 1903 1841 1972 1883; x_wconf 86' lang='lat'>28.</span> <span class='ocrx_word' id='word_1_195' title='bbox 1989 1852 2026 1879; x_wconf 88' lang='lat'>20</span> 
     </span>
     <span class='ocr_line' id='line_1_22' title="bbox 277 1908 1974 1966; baseline 0.004 -19"><span class='ocrx_word' id='word_1_196' title='bbox 277 1908 462 1949; x_wconf 80' lang='lat' dir='ltr'>Avenae</span> <span class='ocrx_word' id='word_1_197' title='bbox 484 1913 734 1962; x_wconf 88' lang='lat' dir='ltr'>proventus</span> <span class='ocrx_word' id='word_1_198' title='bbox 756 1910 986 1952; x_wconf 91' lang='lat' dir='ltr'>aestimari</span> <span class='ocrx_word' id='word_1_199' title='bbox 1007 1916 1159 1966; x_wconf 91' lang='lat' dir='ltr'>potest</span> <span class='ocrx_word' id='word_1_200' title='bbox 1182 1913 1224 1955; x_wconf 89' lang='lat' dir='ltr'>fl.</span> <span class='ocrx_word' id='word_1_201' title='bbox 1252 1926 1318 1963; x_wconf 88' lang='lat'>10,</span> <span class='ocrx_word' id='word_1_202' title='bbox 1343 1928 1399 1956; x_wconf 88' lang='lat' dir='ltr'>ex</span> <span class='ocrx_word' id='word_1_203' title='bbox 1421 1913 1606 1956; x_wconf 87' lang='lat' dir='ltr'>decimis</span> <span class='ocrx_word' id='word_1_204' title='bbox 1627 1913 1722 1955; x_wconf 90' lang='lat' dir='ltr'>vini</span> <span class='ocrx_word' id='word_1_205' title='bbox 1742 1926 1883 1954; x_wconf 89' lang='lat' dir='ltr'>urnae</span> <span class='ocrx_word' id='word_1_206' title='bbox 1904 1911 1974 1960; x_wconf 89' lang='lat'>60,</span> 
     </span>
     <span class='ocr_line' id='line_1_23' title="bbox 276 1977 1976 2039; baseline 0.002 -20"><span class='ocrx_word' id='word_1_207' title='bbox 276 1977 318 2019; x_wconf 91' lang='lat' dir='ltr'>fl.</span> <span class='ocrx_word' id='word_1_208' title='bbox 344 1977 383 2020; x_wconf 94' lang='lat'>6.</span> <span class='ocrx_word' id='word_1_209' title='bbox 410 1978 597 2020; x_wconf 83' lang='lat' dir='ltr'>Summa</span> <span class='ocrx_word' id='word_1_210' title='bbox 619 1978 729 2021; x_wconf 82' lang='lat' dir='ltr'>facit</span> <span class='ocrx_word' id='word_1_211' title='bbox 752 1981 794 2022; x_wconf 91' lang='lat' dir='ltr'>fl.</span> <span class='ocrx_word' id='word_1_212' title='bbox 823 1981 888 2023; x_wconf 91' lang='lat'>16.</span> <span class='ocrx_word' id='word_1_213' title='bbox 914 1982 985 2023; x_wconf 88' lang='lat' dir='ltr'>Ex</span> <span class='ocrx_word' id='word_1_214' title='bbox 1008 1982 1193 2024; x_wconf 88' lang='lat' dir='ltr'>decimis</span> <span class='ocrx_word' id='word_1_215' title='bbox 1208 1983 1312 2039; x_wconf 91' lang='lat' dir='ltr'>agni</span> <span class='ocrx_word' id='word_1_216' title='bbox 1328 1995 1352 2038; x_wconf 87' lang='lat'><strong>5</strong></span> <span class='ocrx_word' id='word_1_217' title='bbox 1370 1985 1413 2026; x_wconf 92' lang='lat' dir='ltr'>fl.</span> <span class='ocrx_word' id='word_1_218' title='bbox 1434 1997 1471 2026; x_wconf 90' lang='lat'>1.</span> <span class='ocrx_word' id='word_1_219' title='bbox 1490 1984 1695 2027; x_wconf 91' lang='lat' dir='ltr'>Gallinae</span> <span class='ocrx_word' id='word_1_220' title='bbox 1710 1988 1780 2025; x_wconf 92' lang='lat' dir='ltr'>ter</span> <span class='ocrx_word' id='word_1_221' title='bbox 1794 1983 1840 2024; x_wconf 94' lang='lat' dir='ltr'>in</span> <span class='ocrx_word' id='word_1_222' title='bbox 1856 1995 1976 2024; x_wconf 90' lang='lat' dir='ltr'>anno</span> 
     </span>
     <span class='ocr_line' id='line_1_24' title="bbox 275 2047 1971 2108; baseline 0.003 -19"><span class='ocrx_word' id='word_1_223' title='bbox 275 2047 317 2089; x_wconf 89' lang='lat' dir='ltr'>fi.</span> <span class='ocrx_word' id='word_1_224' title='bbox 343 2060 384 2101; x_wconf 84' lang='lat'>3.</span> <span class='ocrx_word' id='word_1_225' title='bbox 407 2049 500 2091; x_wconf 89' lang='lat' dir='ltr'>Bos</span> <span class='ocrx_word' id='word_1_226' title='bbox 526 2062 629 2091; x_wconf 89' lang='lat' dir='ltr'>cum</span> <span class='ocrx_word' id='word_1_227' title='bbox 658 2063 794 2092; x_wconf 87' lang='lat' dir='ltr'>censu</span> <span class='ocrx_word' id='word_1_228' title='bbox 816 2051 859 2093; x_wconf 91' lang='lat' dir='ltr'>fl.</span> <span class='ocrx_word' id='word_1_229' title='bbox 884 2064 924 2094; x_wconf 91' lang='lat'>2.</span> <span class='ocrx_word' id='word_1_230' title='bbox 950 2053 1138 2095; x_wconf 82' lang='lat' dir='ltr'>Summa</span> <span class='ocrx_word' id='word_1_231' title='bbox 1160 2054 1269 2096; x_wconf 82' lang='lat' dir='ltr'>facit</span> <span class='ocrx_word' id='word_1_232' title='bbox 1292 2056 1334 2097; x_wconf 93' lang='lat' dir='ltr'>fl.</span> <span class='ocrx_word' id='word_1_233' title='bbox 1356 2056 1395 2097; x_wconf 91' lang='lat'>6.</span> <span class='ocrx_word' id='word_1_234' title='bbox 1421 2055 1610 2098; x_wconf 83' lang='lat' dir='ltr'>Summa</span> <span class='ocrx_word' id='word_1_235' title='bbox 1631 2055 1673 2097; x_wconf 91' lang='lat' dir='ltr'>fl.</span> <span class='ocrx_word' id='word_1_236' title='bbox 1699 2055 1753 2108; x_wconf 90' lang='lat'>58</span> <span class='ocrx_word' id='word_1_237' title='bbox 1777 2053 1877 2095; x_wconf 91' lang='lat' dir='ltr'>den.</span> <span class='ocrx_word' id='word_1_238' title='bbox 1903 2053 1971 2096; x_wconf 92' lang='lat'>66.</span> 
     </span>
    </p>
   </div>
   <div class='ocr_carea' id='block_1_7' title="bbox 981 2186 1260 2237">
    <p class='ocr_par' dir='ltr' id='par_1_8' title="bbox 981 2186 1260 2237">
     <span class='ocr_line' id='line_1_25' title="bbox 981 2186 1260 2237; baseline 0.011 -13"><span class='ocrx_word' id='word_1_239' title='bbox 981 2186 1260 2237; x_wconf 77' lang='lat' dir='ltr'>Bogartelke.</span> 
     </span>
    </p>
   </div>
   <div class='ocr_carea' id='block_1_8' title="bbox 274 2272 2024 2691">
    <p class='ocr_par' dir='ltr' id='par_1_9' title="bbox 274 2272 2024 2615">
     <span class='ocr_line' id='line_1_26' title="bbox 393 2272 2024 2334; baseline 0.004 -20"><span class='ocrx_word' id='word_1_240' title='bbox 393 2272 547 2315; x_wconf 87' lang='lat' dir='ltr'>Coloni</span> <span class='ocrx_word' id='word_1_241' title='bbox 579 2280 685 2316; x_wconf 89' lang='lat' dir='ltr'>sunt</span> <span class='ocrx_word' id='word_1_242' title='bbox 717 2289 905 2319; x_wconf 90' lang='lat' dir='ltr'>numero</span> <span class='ocrx_word' id='word_1_243' title='bbox 935 2291 1005 2332; x_wconf 89' lang='lat'>41.</span> <span class='ocrx_word' id='word_1_244' title='bbox 1039 2279 1188 2321; x_wconf 85' lang='lat' dir='ltr'>Boves</span> <span class='ocrx_word' id='word_1_245' title='bbox 1218 2280 1391 2322; x_wconf 91' lang='lat' dir='ltr'>habent</span> <span class='ocrx_word' id='word_1_246' title='bbox 1424 2281 1490 2324; x_wconf 88' lang='lat'>18.</span> <span class='ocrx_word' id='word_1_247' title='bbox 1524 2281 1700 2324; x_wconf 90' lang='lat' dir='ltr'>Viduae</span> <span class='ocrx_word' id='word_1_248' title='bbox 1731 2293 1771 2334; x_wconf 85' lang='lat'>3.</span> <span class='ocrx_word' id='word_1_249' title='bbox 1806 2279 2024 2321; x_wconf 87' lang='lat' dir='ltr'>Census25</span> 
     </span>
     <span class='ocr_line' id='line_1_27' title="bbox 274 2346 1974 2407; baseline 0.004 -24"><span class='ocrx_word' id='word_1_250' title='bbox 274 2356 452 2385; x_wconf 87' lang='lat' dir='ltr'>annuus</span> <span class='ocrx_word' id='word_1_251' title='bbox 497 2346 746 2388; x_wconf 83' lang='lat' dir='ltr'>secundum</span> <span class='ocrx_word' id='word_1_252' title='bbox 791 2352 936 2390; x_wconf 92' lang='lat' dir='ltr'>terrae</span> <span class='ocrx_word' id='word_1_253' title='bbox 982 2349 1351 2393; x_wconf 88' lang='lat' dir='ltr'>distributionem</span> <span class='ocrx_word' id='word_1_254' title='bbox 1392 2352 1594 2407; x_wconf 87' lang='lat' dir='ltr'>exiguus.</span> <span class='ocrx_word' id='word_1_255' title='bbox 1639 2351 1807 2394; x_wconf 91' lang='lat' dir='ltr'>Census</span> <span class='ocrx_word' id='word_1_256' title='bbox 1850 2348 1974 2391; x_wconf 91' lang='lat' dir='ltr'>tertii</span> 
     </span>
     <span class='ocr_line' id='line_1_28' title="bbox 274 2413 1974 2477; baseline 0.005 -24"><span class='ocrx_word' id='word_1_257' title='bbox 274 2413 491 2470; x_wconf 88' lang='lat' dir='ltr'>cuiusque</span> <span class='ocrx_word' id='word_1_258' title='bbox 514 2416 620 2457; x_wconf 88' lang='lat' dir='ltr'>anni</span> <span class='ocrx_word' id='word_1_259' title='bbox 644 2417 686 2459; x_wconf 92' lang='lat' dir='ltr'>fl.</span> <span class='ocrx_word' id='word_1_260' title='bbox 714 2428 767 2471; x_wconf 85' lang='lat'>25</span> <span class='ocrx_word' id='word_1_261' title='bbox 792 2423 838 2460; x_wconf 93' lang='lat' dir='ltr'>et</span> <span class='ocrx_word' id='word_1_262' title='bbox 861 2419 943 2461; x_wconf 93' lang='lat' dir='ltr'>bos</span> <span class='ocrx_word' id='word_1_263' title='bbox 969 2432 1005 2462; x_wconf 90' lang='lat'>1.</span> <span class='ocrx_word' id='word_1_264' title='bbox 1031 2421 1224 2463; x_wconf 91' lang='lat' dir='ltr'>Annuus</span> <span class='ocrx_word' id='word_1_265' title='bbox 1247 2422 1331 2463; x_wconf 88' lang='lat' dir='ltr'>erit</span> <span class='ocrx_word' id='word_1_266' title='bbox 1355 2422 1531 2465; x_wconf 89' lang='lat' dir='ltr'>circiter</span> <span class='ocrx_word' id='word_1_267' title='bbox 1553 2423 1596 2465; x_wconf 90' lang='lat' dir='ltr'>fl.</span> <span class='ocrx_word' id='word_1_268' title='bbox 1625 2435 1691 2477; x_wconf 90' lang='lat'>14.</span> <span class='ocrx_word' id='word_1_269' title='bbox 1718 2423 1974 2464; x_wconf 89' lang='lat' dir='ltr'>Proventus</span> 
     </span>
     <span class='ocr_line' id='line_1_29' title="bbox 274 2483 1973 2546; baseline 0.005 -23"><span class='ocrx_word' id='word_1_270' title='bbox 274 2483 413 2525; x_wconf 83' lang='lat' dir='ltr'>tritici</span> <span class='ocrx_word' id='word_1_271' title='bbox 443 2499 497 2527; x_wconf 79' lang='lat' dir='ltr'>ex</span> <span class='ocrx_word' id='word_1_272' title='bbox 529 2486 713 2529; x_wconf 85' lang='lat' dir='ltr'>decimis</span> <span class='ocrx_word' id='word_1_273' title='bbox 734 2489 777 2531; x_wconf 88' lang='lat' dir='ltr'>fl.</span> <span class='ocrx_word' id='word_1_274' title='bbox 803 2502 871 2544; x_wconf 90' lang='grc'>37.</span> <span class='ocrx_word' id='word_1_275' title='bbox 890 2491 1075 2533; x_wconf 90' lang='lat' dir='ltr'>Avenae</span> <span class='ocrx_word' id='word_1_276' title='bbox 1098 2492 1214 2534; x_wconf 77' lang='lat' dir='ltr'>forte</span> <span class='ocrx_word' id='word_1_277' title='bbox 1236 2493 1279 2535; x_wconf 92' lang='grc' dir='ltr'>Η.</span> <span class='ocrx_word' id='word_1_278' title='bbox 1307 2506 1372 2535; x_wconf 91' lang='grc' dir='ltr'>1ο.</span> <span class='ocrx_word' id='word_1_279' title='bbox 1399 2494 1587 2536; x_wconf 84' lang='lat' dir='ltr'>Summa</span> <span class='ocrx_word' id='word_1_280' title='bbox 1608 2493 1717 2535; x_wconf 80' lang='lat' dir='ltr'>facit</span> <span class='ocrx_word' id='word_1_281' title='bbox 1740 2493 1782 2535; x_wconf 93' lang='lat' dir='ltr'>fl.</span> <span class='ocrx_word' id='word_1_282' title='bbox 1807 2504 1877 2546; x_wconf 87' lang='lat'>47.</span> <span class='ocrx_word' id='word_1_283' title='bbox 1902 2491 1973 2533; x_wconf 86' lang='lat' dir='ltr'>Ex</span> 
     </span>
     <span class='ocr_line' id='line_1_30' title="bbox 274 2553 1969 2615; baseline 0.006 -21"><span class='ocrx_word' id='word_1_284' title='bbox 274 2553 457 2596; x_wconf 87' lang='lat' dir='ltr'>decimis</span> <span class='ocrx_word' id='word_1_285' title='bbox 493 2556 586 2597; x_wconf 90' lang='lat' dir='ltr'>vini</span> <span class='ocrx_word' id='word_1_286' title='bbox 621 2572 761 2601; x_wconf 92' lang='lat' dir='ltr'>urnae</span> <span class='ocrx_word' id='word_1_287' title='bbox 784 2572 853 2614; x_wconf 89' lang='lat'>40.</span> <span class='ocrx_word' id='word_1_288' title='bbox 872 2561 914 2602; x_wconf 89' lang='lat' dir='ltr'>fl.</span> <span class='ocrx_word' id='word_1_289' title='bbox 933 2573 973 2615; x_wconf 87' lang='lat'>4.</span> <span class='ocrx_word' id='word_1_290' title='bbox 1000 2562 1091 2603; x_wconf 85' lang='lat' dir='ltr'>Bos</span> <span class='ocrx_word' id='word_1_291' title='bbox 1115 2576 1218 2604; x_wconf 87' lang='lat' dir='ltr'>cum</span> <span class='ocrx_word' id='word_1_292' title='bbox 1242 2577 1379 2605; x_wconf 89' lang='lat' dir='ltr'>censu</span> <span class='ocrx_word' id='word_1_293' title='bbox 1395 2565 1438 2606; x_wconf 90' lang='lat' dir='ltr'>fl.</span> <span class='ocrx_word' id='word_1_294' title='bbox 1457 2577 1496 2607; x_wconf 86' lang='lat'>2.</span> <span class='ocrx_word' id='word_1_295' title='bbox 1515 2565 1558 2607; x_wconf 91' lang='lat' dir='ltr'>fl.</span> <span class='ocrx_word' id='word_1_296' title='bbox 1577 2565 1615 2607; x_wconf 94' lang='lat'>6.</span> <span class='ocrx_word' id='word_1_297' title='bbox 1636 2565 1823 2606; x_wconf 86' lang='lat' dir='ltr'>Summa</span> <span class='ocrx_word' id='word_1_298' title='bbox 1839 2565 1881 2607; x_wconf 91' lang='lat' dir='ltr'>fl.</span> <span class='ocrx_word' id='word_1_299' title='bbox 1900 2563 1969 2605; x_wconf 89' lang='lat'>62.</span> 
     </span>
    </p>

    <p class='ocr_par' dir='ltr' id='par_1_10' title="bbox 394 2625 2024 2691">
     <span class='ocr_line' id='line_1_31' title="bbox 394 2625 2024 2691; baseline 0.007 -25"><span class='ocrx_word' id='word_1_300' title='bbox 394 2625 579 2668; x_wconf 83' lang='lat' dir='ltr'>Summa</span> <span class='ocrx_word' id='word_1_301' title='bbox 611 2628 750 2671; x_wconf 91' lang='lat' dir='ltr'>trium</span> <span class='ocrx_word' id='word_1_302' title='bbox 781 2630 943 2673; x_wconf 92' lang='lat' dir='ltr'>horum</span> <span class='ocrx_word' id='word_1_303' title='bbox 978 2646 1199 2687; x_wconf 83' lang='lat' dir='ltr'>pagorum</span> <span class='ocrx_word' id='word_1_304' title='bbox 1231 2633 1341 2676; x_wconf 79' lang='lat' dir='ltr'>facit</span> <span class='ocrx_word' id='word_1_305' title='bbox 1372 2634 1419 2676; x_wconf 91' lang='lat' dir='ltr'>in</span> <span class='ocrx_word' id='word_1_306' title='bbox 1450 2649 1570 2677; x_wconf 90' lang='lat' dir='ltr'>anno</span> <span class='ocrx_word' id='word_1_307' title='bbox 1601 2637 1644 2678; x_wconf 92' lang='grc' dir='ltr'>Η.</span> <span class='ocrx_word' id='word_1_308' title='bbox 1679 2646 1763 2691; x_wconf 86' lang='grc'>359</span> <span class='ocrx_word' id='word_1_309' title='bbox 1795 2635 1895 2678; x_wconf 91' lang='lat' dir='ltr'>den.</span> <span class='ocrx_word' id='word_1_310' title='bbox 1931 2635 1970 2677; x_wconf 89' lang='lat'>6.</span> <span class='ocrx_word' id='word_1_311' title='bbox 1987 2640 2024 2668; x_wconf 88' lang='lat'>3⁰</span> 
     </span>
    </p>
   </div>
   <div class='ocr_carea' id='block_1_9' title="bbox 273 2694 1973 2826">
    <p class='ocr_par' dir='ltr' id='par_1_11' title="bbox 273 2694 1973 2826">
     <span class='ocr_line' id='line_1_32' title="bbox 285 2694 1973 2761; baseline 0.009 -27"><span class='ocrx_word' id='word_1_312' title='bbox 285 2694 371 2750; x_wconf 76' lang='lat' dir='ltr'>Qui</span> <span class='ocrx_word' id='word_1_313' title='bbox 396 2695 431 2736; x_wconf 92' lang='lat' dir='ltr'>si</span> <span class='ocrx_word' id='word_1_314' title='bbox 456 2696 685 2741; x_wconf 89' lang='lat' dir='ltr'>addantur</span> <span class='ocrx_word' id='word_1_315' title='bbox 708 2699 767 2742; x_wconf 91' lang='lat' dir='ltr'>ad</span> <span class='ocrx_word' id='word_1_316' title='bbox 791 2715 1017 2744; x_wconf 90' lang='lat' dir='ltr'>summam</span> <span class='ocrx_word' id='word_1_317' title='bbox 1042 2703 1232 2746; x_wconf 92' lang='lat' dir='ltr'>aliorum</span> <span class='ocrx_word' id='word_1_318' title='bbox 1257 2704 1396 2747; x_wconf 90' lang='lat' dir='ltr'>trium</span> <span class='ocrx_word' id='word_1_319' title='bbox 1420 2719 1640 2761; x_wconf 86' lang='lat' dir='ltr'>pagorum</span> <span class='ocrx_word' id='word_1_320' title='bbox 1664 2706 1903 2748; x_wconf 91' lang='lat' dir='ltr'>conficient</span> <span class='ocrx_word' id='word_1_321' title='bbox 1927 2705 1973 2748; x_wconf 92' lang='lat' dir='ltr'>in</span> 
     </span>
     <span class='ocr_line' id='line_1_33' title="bbox 273 2764 1000 2826; baseline 0.014 -21"><span class='ocrx_word' id='word_1_322' title='bbox 273 2764 535 2808; x_wconf 89' lang='lat' dir='ltr'>universum</span> <span class='ocrx_word' id='word_1_323' title='bbox 568 2769 610 2810; x_wconf 92' lang='lat' dir='ltr'>fl.</span> <span class='ocrx_word' id='word_1_324' title='bbox 649 2781 758 2826; x_wconf 82' lang='lat'>1795</span> <span class='ocrx_word' id='word_1_325' title='bbox 794 2771 894 2814; x_wconf 90' lang='lat' dir='ltr'>den.</span> <span class='ocrx_word' id='word_1_326' title='bbox 934 2773 1000 2815; x_wconf 91' lang='lat'>16.</span> 
     </span>
    </p>
   </div>
   <div class='ocr_carea' id='block_1_10' title="bbox 273 2836 1973 2970">
    <p class='ocr_par' dir='ltr' id='par_1_12' title="bbox 273 2836 1973 2970">
     <span class='ocr_line' id='line_1_34' title="bbox 392 2836 1970 2902; baseline 0.009 -26"><span class='ocrx_word' id='word_1_327' title='bbox 392 2836 659 2881; x_wconf 88' lang='lat' dir='ltr'>Notandum</span> <span class='ocrx_word' id='word_1_328' title='bbox 689 2846 857 2892; x_wconf 90' lang='lat' dir='ltr'>autem,</span> <span class='ocrx_word' id='word_1_329' title='bbox 889 2843 1013 2899; x_wconf 92' lang='lat' dir='ltr'>quod</span> <span class='ocrx_word' id='word_1_330' title='bbox 1041 2848 1086 2885; x_wconf 93' lang='lat' dir='ltr'>et</span> <span class='ocrx_word' id='word_1_331' title='bbox 1115 2844 1161 2885; x_wconf 92' lang='lat' dir='ltr'>in</span> <span class='ocrx_word' id='word_1_332' title='bbox 1189 2844 1259 2887; x_wconf 91' lang='lat' dir='ltr'>his</span> <span class='ocrx_word' id='word_1_333' title='bbox 1287 2845 1414 2901; x_wconf 89' lang='lat' dir='ltr'>pagis</span> <span class='ocrx_word' id='word_1_334' title='bbox 1443 2846 1620 2902; x_wconf 89' lang='lat' dir='ltr'>singula</span> <span class='ocrx_word' id='word_1_335' title='bbox 1647 2851 1754 2889; x_wconf 92' lang='lat' dir='ltr'>sunt</span> <span class='ocrx_word' id='word_1_336' title='bbox 1784 2847 1970 2902; x_wconf 91' lang='lat' dir='ltr'>templa,</span> 
     </span>
     <span class='ocr_line' id='line_1_35' title="bbox 273 2905 1973 2970; baseline 0.009 -25"><span class='ocrx_word' id='word_1_337' title='bbox 273 2905 439 2960; x_wconf 90' lang='lat' dir='ltr'>quibus</span> <span class='ocrx_word' id='word_1_338' title='bbox 478 2909 662 2963; x_wconf 88' lang='lat' dir='ltr'>quando</span> <span class='ocrx_word' id='word_1_339' title='bbox 701 2912 887 2966; x_wconf 88' lang='lat' dir='ltr'>parochi</span> <span class='ocrx_word' id='word_1_340' title='bbox 925 2914 1137 2957; x_wconf 89' lang='lat' dir='ltr'>catholici</span> <span class='ocrx_word' id='word_1_341' title='bbox 1174 2916 1506 2970; x_wconf 89' lang='lat' dir='ltr'>praeficientur,</span> <span class='ocrx_word' id='word_1_342' title='bbox 1547 2922 1658 2959; x_wconf 88' lang='lat' dir='ltr'>tunc</span> <span class='ocrx_word' id='word_1_343' title='bbox 1695 2917 1781 2960; x_wconf 91' lang='lat' dir='ltr'>illis</span> <span class='ocrx_word' id='word_1_344' title='bbox 1820 2918 1973 2960; x_wconf 91' lang='lat' dir='ltr'>danda</span> 
     </span>
    </p>
   </div>
   <div class='ocr_carea' id='block_1_11' title="bbox 276 2975 2022 3105">
    <p class='ocr_par' dir='ltr' id='par_1_13' title="bbox 276 2975 2022 3105">
     <span class='ocr_line' id='line_1_36' title="bbox 276 2975 2022 3044; baseline 0.009 -28"><span class='ocrx_word' id='word_1_345' title='bbox 276 2975 360 3017; x_wconf 90' lang='lat' dir='ltr'>erit</span> <span class='ocrx_word' id='word_1_346' title='bbox 381 2982 547 3033; x_wconf 88' lang='lat' dir='ltr'>quarta</span> <span class='ocrx_word' id='word_1_347' title='bbox 567 2993 670 3034; x_wconf 88' lang='lat' dir='ltr'>pars</span> <span class='ocrx_word' id='word_1_348' title='bbox 691 2981 892 3025; x_wconf 90' lang='lat' dir='ltr'>decimae</span> <span class='ocrx_word' id='word_1_349' title='bbox 912 2984 1129 3041; x_wconf 89' lang='lat' dir='ltr'>cuiusque</span> <span class='ocrx_word' id='word_1_350' title='bbox 1144 2986 1249 3042; x_wconf 88' lang='lat' dir='ltr'>pagi</span> <span class='ocrx_word' id='word_1_351' title='bbox 1265 3000 1274 3037; x_wconf 89' lang='lat'>;</span> <span class='ocrx_word' id='word_1_352' title='bbox 1297 3000 1389 3042; x_wconf 93' lang='lat' dir='ltr'>quo</span> <span class='ocrx_word' id='word_1_353' title='bbox 1404 2992 1540 3043; x_wconf 90' lang='lat' dir='ltr'>pacto</span> <span class='ocrx_word' id='word_1_354' title='bbox 1560 3002 1651 3030; x_wconf 90' lang='lat' dir='ltr'>non</span> <span class='ocrx_word' id='word_1_355' title='bbox 1666 3002 1828 3044; x_wconf 90' lang='lat' dir='ltr'>parum</span> <span class='ocrx_word' id='word_1_356' title='bbox 1845 2989 1971 3031; x_wconf 91' lang='lat' dir='ltr'>dece·</span> <span class='ocrx_word' id='word_1_357' title='bbox 1985 2993 2022 3020; x_wconf 83' lang='lat'>3⁵</span> 
     </span>
     <span class='ocr_line' id='line_1_37' title="bbox 277 3045 1028 3105; baseline 0.015 -19"><span class='ocrx_word' id='word_1_358' title='bbox 277 3045 354 3087; x_wconf 90' lang='lat' dir='ltr'>det</span> <span class='ocrx_word' id='word_1_359' title='bbox 380 3060 403 3088; x_wconf 94' lang='lat' dir='ltr'>e</span> <span class='ocrx_word' id='word_1_360' title='bbox 428 3053 584 3091; x_wconf 89' lang='lat' dir='ltr'>nostro</span> <span class='ocrx_word' id='word_1_361' title='bbox 610 3058 836 3105; x_wconf 90' lang='lat' dir='ltr'>proventu</span> <span class='ocrx_word' id='word_1_362' title='bbox 863 3068 1028 3097; x_wconf 90' lang='lat' dir='ltr'>annuo.</span> 
     </span>
    </p>
   </div>
   <div class='ocr_carea' id='block_1_12' title="bbox 672 3141 1574 3192">
    <p class='ocr_par' dir='ltr' id='par_1_14' title="bbox 672 3141 1574 3192">
     <span class='ocr_line' id='line_1_38' title="bbox 672 3141 1574 3192; baseline 0.01 -18"><span class='ocrx_word' id='word_1_363' title='bbox 672 3141 863 3184; x_wconf 86' lang='lat' dir='ltr'>(Eredeti‚</span> <span class='ocrx_word' id='word_1_364' title='bbox 892 3155 916 3178; x_wconf 90' lang='lat' dir='ltr'>a</span> <span class='ocrx_word' id='word_1_365' title='bbox 944 3144 1240 3189; x_wconf 85' lang='lat' dir='ltr'>Jezsuita-rend</span> <span class='ocrx_word' id='word_1_366' title='bbox 1267 3147 1574 3192; x_wconf 74' lang='lat' dir='ltr'>leveltaraban.)</span> 
     </span>
    </p>
   </div>
  </div>
 </body>
</html>
