2188 3535
144 230 242 274 1580
270 227 353 273 apr.
390 230 428 273 8]
904 235 977 273 No.
1014 239 1062 282 36
1758 253 1826 279 101

135 349 181 386 et
206 347 563 395 communicarsi.
605 350 666 392 Mi
690 366 772 406 par
797 353 842 394 di
866 354 1003 396 veder
1035 355 1197 405 alcuni,
1225 358 1348 413 quali
1371 373 1398 400 o
1421 358 1458 400 si
1482 358 1711 401 riduriano
1736 374 1762 401 a
1785 362 1830 403 la

136 414 236 457 fede
267 418 493 468 cattolica,
526 434 552 461 0
583 422 770 464 essendo
801 423 847 464 in
877 429 1006 478 parte
1043 428 1343 470 mezzo-dubii
1387 429 1423 471 si
1466 430 1823 482 confirmariano,

135 489 181 526 et
211 485 247 527 si
277 489 636 541 conservariano,
682 506 728 534 se
758 507 849 535 non
880 494 1013 544 fusse,
1059 497 1139 538 che
1170 502 1367 548 temono,
1406 501 1486 542 che
1517 515 1562 542 se
1593 501 1668 556 poi
1697 501 1827 543 ritor-

135 569 315 598 nassero
333 557 378 599 in
399 559 546 610 Italia,
567 575 592 603 o
617 576 696 617 per
726 563 880 605 l¹error
907 565 1092 620 passati,
1118 582 1143 609 o
1165 582 1245 623 per
1272 569 1302 610 il
1320 576 1522 625 sospetto
1541 571 1622 612 che
1641 571 1828 614 dariano

87 637 104 664 5
133 639 213 680 per
237 641 378 670 essere
404 630 515 671 stati
540 631 585 673 in
612 638 770 688 queste
796 635 958 684 bande,
992 637 1168 679 sariano
1194 640 1285 680 mal
1310 640 1465 682 securi.
1509 642 1573 690 Io,
1614 656 1659 683 se
1685 642 1772 684 ben
1798 643 1828 683 li

134 695 233 738 dico
256 703 417 753 questo
441 714 560 743 esser
581 702 719 745 timor
740 719 874 754 vano,
900 720 1009 761 pure
1032 721 1123 749 non
1147 709 1320 752 ardisco
1345 710 1645 753 d'assicurarli
1668 713 1825 762 molto,

133 768 240 821 pero
273 768 419 812 scrivo
455 785 482 813 a
511 773 563 814 V.
590 773 631 815 S.
658 776 748 816 R¹¹¹³
769 775 1065 818 desiderando
1088 778 1132 819 di
1155 793 1323 835 sapere,
1347 782 1429 822 che
1450 796 1555 823 cosa
1575 796 1621 824 se
1642 782 1672 823 li
1694 797 1828 838 possa

132 843 420 891 promettere.
451 843 511 883 Et
538 857 584 885 se
610 844 744 886 alcun
770 845 912 888 simile
940 847 976 888 si
1002 862 1261 892 conoscesse
1288 857 1550 893 veramente
1576 853 1755 907 pentito
1782 858 1827 895 et

133 909 402 960 convertito,
431 926 457 953 o
484 926 530 954 se
556 927 647 955 non
674 914 790 957 fosse
816 922 1078 960 veramente
1104 919 1196 961 mai
1222 925 1345 962 stato
1371 922 1583 971 heretico,
1613 937 1688 964 ma
1715 924 1829 965 sola-

87 990 120 1017 10
133 983 285 1020 mente
305 981 518 1024 cattolico
539 984 758 1040 alquanto
779 986 918 1028 libero
939 1002 1018 1042 per
1037 988 1227 1044 rispetto
1249 990 1365 1032 della
1385 992 1583 1046 prattica
1603 992 1648 1033 in
1669 998 1828 1048 queste

132 1047 295 1099 bande,
331 1055 376 1092 et
403 1053 552 1107 percio
586 1054 819 1099 dubitasse
839 1057 885 1098 di
917 1058 1108 1114 qualche
1143 1074 1260 1109 cosa,
1295 1075 1341 1102 se
1361 1062 1413 1103 V.
1438 1062 1479 1103 S.
1504 1063 1594 1103 R¹¹¹³
1613 1067 1730 1106 saria
1750 1078 1830 1118 per

131 1121 378 1173 procurarli
404 1124 773 1176 assicuramento,
802 1127 832 1168 il
858 1129 939 1169 che
965 1129 1098 1171 credo
1124 1132 1242 1172 saria
1267 1132 1380 1172 bene
1407 1145 1486 1186 per
1511 1132 1676 1181 alcuni,
1704 1134 1828 1188 quali

132 1188 248 1231 forse
273 1205 357 1233 con
383 1199 544 1249 questo
570 1211 722 1238 mezzo
747 1198 783 1239 si
809 1199 1116 1253 agiustariano
1154 1205 1199 1242 et
1238 1201 1274 1242 si
1311 1202 1541 1243 levariano
1581 1203 1683 1244 dall'
1703 1217 1829 1244 occa-

131 1258 254 1302 sione
278 1261 322 1303 di
345 1265 618 1318 pervertissi.
645 1268 761 1310 Pure
784 1268 846 1310 mi
868 1269 1052 1311 rimetto
1075 1270 1118 1311 al
1141 1285 1221 1312 suo
1244 1271 1597 1326 prudentissimo
1621 1273 1826 1327 giuditio.

84 1344 118 1371 15
247 1332 599 1378 Ritrovandomi
622 1337 668 1378 in
690 1338 808 1380 Alba
831 1339 994 1388 Giulia,
1019 1354 1110 1381 non
1133 1343 1348 1383 mancaro
1372 1342 1417 1383 di
1441 1342 1509 1384 far
1532 1343 1668 1398 quelli
1692 1343 1829 1386 officii

129 1400 198 1442 col
229 1403 274 1444 S‘
302 1405 577 1455 cancelliero,
631 1408 712 1449 che
754 1408 816 1450 mi
857 1423 1061 1464 paranno
1098 1412 1400 1461 convenienti,
1439 1413 1633 1455 secondo
1663 1414 1826 1469 quello,

129 1472 210 1513 che
242 1474 295 1516 V.
317 1474 358 1516 S.
382 1476 473 1517 Rma
490 1477 552 1518 mi
569 1478 725 1520 scrive.
765 1480 825 1520 Et
845 1494 929 1521 con
948 1485 1110 1535 questo
1129 1481 1226 1523 faro
1245 1483 1346 1531 fine,
1367 1484 1827 1525 raccomandandomi

128 1543 271 1585 molto
291 1544 336 1586 di
355 1559 488 1588 cuore
509 1561 534 1589 a
556 1548 609 1590 V.
645 1549 686 1590 S.
723 1551 814 1591 Rma
831 1554 877 1592 et
897 1565 924 1592 a
943 1551 1040 1592 suoi
1060 1552 1307 1594 santissimi
1326 1554 1531 1595 sacrificii
1551 1559 1595 1595 et
1616 1555 1824 1596 orationi.

244 1615 302 1656 Di
335 1616 715 1668 Colosmonostra,
749 1634 776 1662 a
808 1633 863 1675 27
895 1621 941 1662 di
973 1623 1125 1664 Marzo
1160 1623 1284 1676 1580.

80 1698 115 1725 20
244 1685 302 1728 Di
332 1687 384 1729 V.
418 1687 459 1730 S.
495 1689 890 1733 Reverendissima
920 1706 1049 1734 servo
1079 1693 1125 1734 in
1157 1694 1334 1736 Christo

1169 1765 1301 1820 Luigi
1333 1765 1619 1820 Od[escal]co
1652 1781 1766 1822 mpr.

255 1849 500 1891 Kiilczime:
545 1854 916 1894 Reverendissimo
959 1857 1141 1896 Domino
1187 1859 1238 1896 D.
1284 1859 1441 1909 Joanni
1486 1860 1702 1910 Caligario,
1750 1860 1827 1898 Dei

125 1909 260 1958 gratia
297 1911 493 1962 episeopo
524 1912 811 1953 Bertinorensi
839 1920 880 1954 et
912 1915 951 1954 S.
984 1916 1099 1955 Sedis
1129 1917 1396 1969 Apostolicae
1426 1919 1481 1957 ad
1511 1918 1826 1957 Serenissimum

126 1967 322 2007 Poloniae
351 1982 489 2021 regem
516 1972 684 2019 nuncio,
713 1978 794 2012 etc.
825 1974 1006 2012 Domino
1035 1975 1077 2013 in
1107 1976 1271 2015 Christo
1299 1978 1696 2017 observandissimo.

79 2051 114 2078 25
129 2042 319 2087 (Eredeti,
346 2045 568 2091 sajatkezfi‚
589 2046 718 2082 romai
736 2052 820 2083 vat.
840 2048 1117 2085 »Nunziatura
1144 2051 1184 2085 di
1210 2051 1398 2086 Polonia«
1429 2063 1482 2095 14.
1511 2054 1595 2087 kot.
1632 2057 1754 2097 127l9.
1784 2053 1828 2094 1.)

946 2168 1016 2211 36.

602 2265 943 2320 Gyulajeje'rvcir,
978 2269 1093 2321 1580
1124 2269 1284 2323 aprilis
1314 2269 1355 2310 8.

152 2365 429 2419 Kovacsoczy
463 2368 621 2408 Farkas
655 2369 890 2409 kanczellar
920 2372 965 2410 P.
999 2369 1162 2411 Sunieri
1191 2373 1370 2411 Ferencz
1404 2372 1798 2424 provinczialisnak.

257 2460 415 2499 Vcilasz.
446 2461 685 2501 Kiszemelte
718 2476 741 2501 α
776 2463 996 2503 kolozsvcirz'
1029 2463 1246 2516 kolle'gium
1279 2466 1403 2516 Ιιείγὲί
1435 2478 1454 2504 s
1486 2479 1532 2504 az
1565 2466 1757 2517 §pite'slzez
1788 2466 1827 2504 is

79 2516 391 2569 30lzozzcif0gtak.
425 2519 460 2557 A
497 2521 694 2570 jezsm'ta‘k
726 2521 850 2572 buzgo‘
881 2522 1105 2561 mr'ikddese.

241 2603 506 2645 Reverende
528 2603 574 2645 in
598 2604 775 2646 Christo
799 2606 947 2648 Pater.

240 2672 379 2715 Binas
394 2673 486 2716 iam
502 2688 528 2716 a
545 2676 598 2717 R.
617 2676 702 2725 Vra,
721 2690 775 2717 ex
793 2690 883 2732 quo
902 2691 929 2718 a
947 2676 1077 2718 nobis
1100 2677 1317 2728 discessit,
1343 2678 1495 2733 accepi
1517 2678 1684 2728 literas,
1711 2693 1827 2721 unas

126 2741 354 2793 Cracovia,
382 2744 548 2800 quibus
574 2759 619 2787 se
645 2760 696 2788 eo
722 2746 897 2788 salvam
918 2747 1175 2803 pervenisse
1197 2747 1500 2803 significaba⁴-,
1525 2749 1690 2791 alteras
1712 2750 1824 2792 Var-

126 2811 264 2862 sovia‚
290 2813 456 2869 quibus
479 2830 550 2858 me
575 2816 791 2858 admonet
816 2817 1050 2859 literarum
1074 2817 1266 2867 illarum,
1292 2833 1409 2874 quae
1433 2824 1536 2874 post
1560 2833 1694 2862 suum
1717 2820 1823 2862 hinc

78 2898 114 2925 35
126 2880 368 2926 discessum
391 2885 450 2927 ad
471 2900 552 2928 nos
575 2890 916 2942 pervenerunt.1
941 2890 1172 2944 Utraeque
1195 2889 1478 2943 gratissimae
1502 2890 1659 2932 multis
1681 2890 1825 2931 nomi-

125 2950 257 2994 nibus
278 2954 388 2996 mihi
411 2955 609 3006 fuerunt,
634 2972 741 3000 nam
764 2958 889 3014 quod
910 2960 963 3001 R.
984 2960 1058 3001 Vta
1074 2959 1298 3014 superatis
1316 2960 1528 3001 omnibus
1546 2960 1633 3002 illis
1651 2960 1826 3001 itineris

124 3021 354 3074 molestiis,
379 3025 616 3069 incolumis
640 3042 692 3070 eo
716 3028 911 3078 redierit,
938 3043 1028 3084 quo
1052 3030 1260 3084 optabat,
1286 3029 1333 3071 id
1356 3030 1518 3072 merito
1542 3045 1624 3072 nos
1648 3044 1819 3078 omneS,

125 3091 204 3146 qui
238 3094 292 3136 R.
328 3095 433 3137 Vram
464 3102 650 3153 propter
695 3099 949 3154 praeclaras
996 3099 1135 3141 animi
1183 3099 1251 3141 sui
1286 3099 1429 3150 dotes,
1467 3115 1570 3142 cum
1605 3100 1824 3155 singulari

130 3170 1823 3184 Ἢ

255 3193 268 3215 ¹
295 3195 471 3240 Egyiket
505 3209 589 3232 sem
625 3200 832 3244 ismerjiik.
