2188 3535
107 227 205 270 1580
233 223 317 268 apr.
354 224 418 269 23]
872 224 947 258 No.
983 227 1029 270 38
1732 233 1801 269 105

100 340 265 383 mendo
292 355 364 382 me
389 340 622 384 humiliter
649 343 703 385 R.
734 342 783 385 P.
813 341 950 392 Tuae,
980 357 1120 398 quam
1147 343 1319 399 optime
1346 343 1393 384 in
1421 342 1617 385 Domino
1645 344 1796 386 valere

101 425 259 467 precor
284 416 329 452 et
356 415 480 467 opto.

217 481 608 524 Colosmonostrae
621 482 681 524 ad
693 481 1036 538 Claudiopolim,
1055 496 1076 525 1
1085 497 1121 526 1.
1137 484 1316 540 Aprilis.
1327 485 1460 527 Anno
1474 484 1658 527 Domini
1669 485 1795 538 1580.

218 552 637 595 Reverendissimae
663 553 961 595 Paternitatis
985 555 1174 597 Vestrae

55 638 72 665 5
1179 639 1335 668 servus
1366 625 1413 667 in
1445 625 1623 668 Christo

1062 695 1264 749 Jacobus
1295 695 1592 751 Vagrovicius
1622 710 1737 752 mpr.

231 795 443 836 Kidczime
463 810 476 836 .·
515 797 602 836 Rmo
629 796 799 835 domino
838 809 945 843 meo,
980 797 1150 837 domino
1178 799 1334 850 Joanni
1360 798 1551 837 Andreae
1579 798 1798 850 Cahgario,

101 856 298 907 episcopo
325 856 610 896 Bertinorensi
639 860 682 895 et
714 857 754 895 S.
775 856 892 895 Sedis
911 856 1177 908 Apostolicae
1197 858 1252 896 ad
1271 858 1424 897 Sermum
1444 858 1641 897 Poloniae
1659 870 1799 909 regem

102 915 269 963 nuncio,
311 915 353 954 in
395 916 560 955 Christo
600 915 996 955 observandissimo.

57 1003 295 1047 10(Eredeti‚
320 1003 543 1049 sajatkezi'i,
569 1004 696 1038 romai
720 1005 805 1038 vat.
827 1004 1096 1039 »Nunziatura
1121 1004 1161 1038 di
1192 1004 1377 1039 Polonia«
1408 1014 1462 1048 14.
1490 1005 1574 1039 kot.
1607 1004 1730 1049 136l7.
1758 1004 1802 1047 1.)

924 1133 995 1176 38.

604 1233 855 1281 Kolozsvcir,
890 1234 1005 1286 1580
1036 1233 1197 1287 ciprilis
1228 1244 1298 1285 23.

211 1339 256 1377 P.
289 1338 535 1378 Odescalchi
566 1339 691 1390 Lajos
723 1338 900 1390 Caligari
931 1338 1001 1389 pk.
1032 1338 1359 1390 lengyelorszagi
1389 1339 1693 1378 nuncziusnak.

238 1435 423 1474 chllcisos
474 1435 685 1474 mz'iko'dese
727 1448 749 1473 a
795 1431 1107 1486 gyulczfejeffrvdri
1148 1434 1368 1473 advarban.
1413 1434 1738 1473 Hitsz6noklatai
1780 1449 1804 1474 a

56 1507 90 1535 15
102 1494 305 1545 fejedelem
335 1494 423 1533 eldtt
452 1495 491 1533 ές
520 1494 699 1545 Ba'thory
727 1494 889 1544 Kristds
916 1495 1180 1545 tdmogczta'sa.

219 1586 361 1629 Molto
398 1586 578 1628 Illustre
613 1591 658 1628 et
694 1587 786 1628 R¹¹²⁰
819 1586 1079 1641 Monsignor
1113 1585 1204 1627 mio
1239 1585 1654 1629 osservandissimo.

221 1657 376 1699 Scrissi
409 1671 435 1698 a
466 1658 520 1699 V.
556 1657 598 1699 S.
635 1659 726 1699 Rm⁸
756 1657 800 1699 la
832 1657 1070 1699 domenica
1102 1656 1215 1698 delle
1263 1656 1459 1706 Palme‚1
1490 1657 1678 1699 essendo
1723 1672 1802 1713 per
1818 1678 1922 1704 Mam.
1947 1684 1994 1709 27r

105 1727 274 1783 partire
288 1741 418 1770 verso
433 1728 552 1770 Alba
568 1727 728 1770 Giulia.
749 1729 876 1770 Hora
891 1728 1078 1769 essendo
1094 1727 1332 1776 ritornato,
1355 1728 1412 1768 ne
1430 1727 1618 1769 essendo
1639 1742 1805 1770 ancora

105 1798 276 1854 partito
299 1798 403 1854 quel
425 1798 719 1854 gentil’homo
737 1798 782 1840 di
799 1799 890 1841 Sua
905 1800 1094 1847 Maesta,
1112 1812 1191 1853 per
1206 1797 1236 1839 il
1256 1798 1389 1853 quale
1408 1797 1571 1840 ricevei
1591 1799 1738 1854 quelle
1759 1799 1804 1840 di

58 1883 93 1910 20
105 1870 157 1911 V.
187 1869 229 1912 S.
260 1871 351 1911 Rma
375 1873 420 1911 et
450 1869 635 1911 insieme
674 1869 847 1925 risposi‚
888 1870 950 1910 ho
975 1869 1133 1911 voluto
1160 1882 1326 1910 ancora
1353 1868 1618 1924 aggiongere
1645 1874 1804 1925 queste

106 1944 292 1996 quattro
316 1939 453 1995 righe,
479 1939 664 1982 dandoli
687 1944 823 1982 conto
847 1940 1139 1982 brevemente
1163 1939 1208 1981 di
1231 1939 1380 1995 quello
1404 1939 1485 1981 che
1509 1939 1544 1981 si
1569 1941 1592 1980 e
1614 1939 1734 1982 fatto
1757 1940 1804 1981 in

104 2010 235 2060 Alba,
270 2011 403 2066 quale
434 2024 480 2052 se
512 2011 626 2052 bene
658 2012 793 2066 parra
823 2025 951 2066 poco,
985 2024 1071 2066 pur
1101 2010 1148 2051 in
1180 2009 1298 2051 simil
1329 2010 1463 2065 luogo
1495 2024 1586 2052 non
1619 2011 1643 2052 e
1673 2025 1800 2066 poco.

107 2080 152 2123 Si
169 2095 279 2123 sono
299 2081 503 2123 adonche
521 2081 567 2123 in
585 2081 703 2124 Alba
720 2081 764 2123 la
782 2081 1029 2123 settimana
1047 2085 1181 2123 santa
1199 2080 1442 2122 confessati
1461 2080 1519 2122 da
1538 2081 1801 2137 cinquanta,

105 2151 148 2193 la
162 2151 365 2207 maggior
386 2156 515 2208 parte
532 2152 717 2207 Ungari,
735 2157 779 2194 et
796 2152 945 2194 alcuni
962 2151 1094 2207 pochi
1118 2150 1314 2201 Italiani,
1338 2155 1383 2192 et
1406 2151 1474 2192 fra
1495 2151 1553 2205 gli
1575 2151 1679 2193 altri
1701 2151 1804 2207 quel

60 2236 94 2263 25
106 2221 322 2264 Giacomo
344 2223 390 2264 di
413 2222 619 2272 Pianoro,
644 2223 716 2266 del
739 2223 871 2279 quale
893 2222 1098 2264 scriveva
1120 2223 1181 2264 Mr
1203 2221 1307 2263 Illnno
1322 2221 1548 2263 cardinale
1572 2221 1805 2270 Paleotti‚2

106 2297 151 2334 et
188 2292 261 2348 gia
297 2293 427 2335 detto
464 2293 680 2336 Giacomo
717 2292 938 2335 essendoli
975 2297 1136 2349 questo
1173 2292 1360 2334 inverno
1398 2296 1547 2333 morta
1582 2291 1626 2333 la
1667 2296 1804 2347 putta

106 2363 294 2406 c’havea
313 2364 489 2406 havuto
511 2366 603 2419 qui,
626 2377 752 2406 come
772 2363 845 2419 gia
864 2363 1024 2412 scrissi,
1047 2362 1083 2404 si
1103 2376 1295 2418 prepara
1315 2375 1393 2416 per
1413 2361 1632 2403 ritornare
1653 2362 1800 2418 quest'

107 2439 314 2476 autunno
341 2448 368 2476 a
394 2448 511 2476 casa.
542 2435 611 2476 De
636 2433 785 2490 questi
812 2434 893 2476 che
920 2434 956 2475 si
979 2447 1088 2475 sono
1111 2431 1367 2480 confessati,
1393 2431 1542 2473 alcuni
1563 2446 1699 2474 erano
1722 2433 1804 2474 che

107 2504 198 2546 mai
215 2505 391 2547 s’erano
407 2504 664 2555 comessati,
683 2508 727 2546 et
744 2518 880 2546 erano
895 2503 1094 2552 heretici,
1113 2507 1158 2544 et
1177 2502 1245 2544 fra
1267 2502 1326 2557 gli
1345 2501 1448 2543 altri
1467 2502 1617 2544 alcuni
1635 2503 1775 2544 nobili
1792 2517 1802 2554 ;

61 2589 96 2615 30
108 2574 211 2616 altri
244 2589 380 2618 erano
413 2574 525 2617 stati
557 2574 765 2631 parecchi
798 2574 906 2616 anni
939 2587 1072 2615 senza
1114 2572 1392 2614 commodita
1425 2572 1471 2614 di
1504 2572 1801 2624 confessarsi;

107 2644 143 2686 si
166 2659 276 2688 sono
313 2646 388 2702 poi
426 2645 750 2687 communicati
787 2644 917 2701 quasi
954 2643 1081 2686 tutti.
1108 2643 1170 2685 Mi
1196 2644 1219 2684 ὲ
1242 2642 1495 2697 bisognato‚
1521 2648 1696 2685 mentre
1721 2644 1803 2686 che

108 2720 239 2758 stavo
281 2717 326 2766 li,
367 2717 461 2759 fare
505 2715 592 2758 due
635 2716 846 2772 prediche
870 2715 917 2756 in
940 2714 1083 2756 latino
1109 2714 1151 2755 al
1176 2713 1386 2769 prencipe
1407 2727 1414 2755 :
1453 2713 1483 2754 il
1507 2714 1663 2769 giorno
1688 2717 1735 2757 2⁰
1758 2715 1803 2756 di

109 2786 301 2842 Pasqua,
328 2792 373 2829 et
396 2788 605 2830 l'ottava.
625 2789 818 2842 Aspetto
841 2785 975 2841 hoggi
999 2799 1025 2826 o
1049 2784 1230 2826 dimane
1254 2783 1283 2824 il
1307 2783 1456 2826 coccio
1480 2798 1559 2840 per
1581 2785 1802 2828 ritornare
1817 2798 1885 2837 Aps.
1906 2813 1931 2836 4,
1952 2812 1996 2829 10.

109 2855 154 2897 di
177 2871 295 2899 novo
318 2857 365 2899 in
391 2859 521 2900 Alba.

63 2939 99 2966 35
224 2928 349 2970 Hieri
375 2929 401 2970 l’
432 2929 537 2971 Ι111110
560 2928 771 2984 prencipe
797 2926 836 2969 ci
861 2925 1030 2969 mando
1057 2924 1170 2966 dieci
1198 2924 1305 2966 bovi
1331 2939 1415 2966 con
1441 2939 1503 2966 un
1529 2940 1656 2968 carro
1682 2940 1802 2968 novo

109 3010 188 3051 per
222 2997 253 3039 li
288 2999 357 3040 usi
394 2999 465 3041 del
502 3003 657 3041 nostro
695 2998 864 3054 predio,
902 2995 1156 3039 havendoci
1193 2995 1352 3037 avanti
1388 2996 1606 3038 mandate
1642 2996 1802 3038 alcune

239 3121 253 3142 ¹
278 3121 447 3166 Caligari
476 3122 683 3166 jegyzete:
723 3120 875 3165 Questa
904 3120 1049 3153 lettera
1079 3127 1159 3151 non
1190 3117 1211 3150 ὲ
1241 3115 1423 3161 capitata
1453 3128 1477 3151 a.
1506 3118 1541 3152 le
1572 3118 1649 3152 mie
1680 3118 1800 3152 mani.

237 3179 252 3200 ²
279 3179 453 3214 Paleotti
478 3178 613 3213 Gabor
638 3178 812 3218 biboros.
839 3177 1042 3223 jogtudos,
1069 3174 1268 3219 bolognai.
