<?xml version="1.0" encoding="UTF-8"?>
<!DOCTYPE html PUBLIC "-//W3C//DTD XHTML 1.0 Transitional//EN"
    "http://www.w3.org/TR/xhtml1/DTD/xhtml1-transitional.dtd">
<html xmlns="http://www.w3.org/1999/xhtml" xml:lang="en" lang="en">
 <head>
  <title>
</title>
<meta http-equiv="Content-Type" content="text/html;charset=utf-8" />
  <meta name='ocr-system' content='tesseract 3.04.00' />
  <meta name='ocr-capabilities' content='ocr_page ocr_carea ocr_par ocr_line ocrx_word'/>
</head>
<body>
  <div class='ocr_page' id='page_1' title='image "./epistolaeetactaj01vereuoft_0238.png"; bbox 0 0 2188 3535; ppageno 0'>
   <div class='ocr_carea' id='block_1_1' title="bbox 352 201 2032 255">
    <p class='ocr_par' dir='ltr' id='par_1_1' title="bbox 352 201 2032 255">
     <span class='ocr_line' id='line_1_1' title="bbox 352 201 2032 255; baseline -0.005 -9"><span class='ocrx_word' id='word_1_1' title='bbox 352 215 422 255; x_wconf 80' lang='lat'><em>184</em></span> <span class='ocrx_word' id='word_1_2' title='bbox 1117 203 1192 238; x_wconf 89' lang='lat' dir='ltr'><em>No.</em></span> <span class='ocrx_word' id='word_1_3' title='bbox 1221 212 1269 248; x_wconf 86' lang='lat'><em>59</em></span> <span class='ocrx_word' id='word_1_4' title='bbox 1707 201 1819 244; x_wconf 81' lang='lat'>[1581</span> <span class='ocrx_word' id='word_1_5' title='bbox 1855 203 1976 246; x_wconf 85' lang='lat' dir='ltr'><em>szept.</em></span> <span class='ocrx_word' id='word_1_6' title='bbox 2018 211 2032 237; x_wconf 92' lang='lat'>1</span> 
     </span>
    </p>
   </div>
   <div class='ocr_carea' id='block_1_2' title="bbox 342 318 2090 3218">
    <p class='ocr_par' dir='ltr' id='par_1_2' title="bbox 342 318 2090 1870">
     <span class='ocr_line' id='line_1_2' title="bbox 350 318 2036 387; baseline -0.008 -14"><span class='ocrx_word' id='word_1_7' title='bbox 350 332 645 387; x_wconf 88' lang='lat' dir='ltr'><em>permoveret,</em></span> <span class='ocrx_word' id='word_1_8' title='bbox 680 323 867 382; x_wconf 89' lang='lat' dir='ltr'><em>protulit</em></span> <span class='ocrx_word' id='word_1_9' title='bbox 900 321 946 362; x_wconf 91' lang='lat' dir='ltr'><em>in</em></span> <span class='ocrx_word' id='word_1_10' title='bbox 977 320 1177 363; x_wconf 92' lang='lat' dir='ltr'><em>medium</em></span> <span class='ocrx_word' id='word_1_11' title='bbox 1205 321 1384 370; x_wconf 90' lang='lat' dir='ltr'><em>Theses,</em></span> <span class='ocrx_word' id='word_1_12' title='bbox 1419 334 1532 376; x_wconf 87' lang='lat' dir='ltr'><em>quas</em></span> <span class='ocrx_word' id='word_1_13' title='bbox 1564 319 1623 362; x_wconf 89' lang='lat' dir='ltr'><em>ad</em></span> <span class='ocrx_word' id='word_1_14' title='bbox 1653 319 1781 361; x_wconf 84' lang='lat' dir='ltr'><em>illum</em></span> <span class='ocrx_word' id='word_1_15' title='bbox 1813 319 1868 362; x_wconf 94' lang='lat' dir='ltr'><em>de</em></span> <span class='ocrx_word' id='word_1_16' title='bbox 1897 318 2036 361; x_wconf 90' lang='lat' dir='ltr'><em>verbo</em></span> 
     </span>
     <span class='ocr_line' id='line_1_3' title="bbox 348 389 2034 449; baseline -0.008 -5"><span class='ocrx_word' id='word_1_17' title='bbox 348 400 431 444; x_wconf 92' lang='lat' dir='ltr'><em>Dei</em></span> <span class='ocrx_word' id='word_1_18' title='bbox 465 399 739 444; x_wconf 76' lang='lat' dir='ltr'>miseramus,</span> <span class='ocrx_word' id='word_1_19' title='bbox 771 391 1032 449; x_wconf 83' lang='lat' dir='ltr'>ingentique</span> <span class='ocrx_word' id='word_1_20' title='bbox 1062 391 1255 434; x_wconf 87' lang='lat' dir='ltr'><em>clamore</em></span> <span class='ocrx_word' id='word_1_21' title='bbox 1285 396 1330 434; x_wconf 91' lang='lat' dir='ltr'><em>et</em></span> <span class='ocrx_word' id='word_1_22' title='bbox 1360 405 1470 434; x_wconf 91' lang='lat' dir='ltr'><em>voce</em></span> <span class='ocrx_word' id='word_1_23' title='bbox 1500 390 1687 447; x_wconf 89' lang='lat' dir='ltr'><em>querula</em></span> <span class='ocrx_word' id='word_1_24' title='bbox 1729 389 1822 432; x_wconf 90' lang='lat' dir='ltr'><em>ait:</em></span> <span class='ocrx_word' id='word_1_25' title='bbox 1875 390 2034 438; x_wconf 89' lang='lat' dir='ltr'><em>Videte,</em></span> 
     </span>
     <span class='ocr_line' id='line_1_4' title="bbox 350 461 2038 520; baseline -0.007 -7"><span class='ocrx_word' id='word_1_26' title='bbox 350 470 517 513; x_wconf 85' lang='lat' dir='ltr'><em>domini</em></span> <span class='ocrx_word' id='word_1_27' title='bbox 545 466 780 520; x_wconf 75' lang='lat' dir='ltr'><em>magnifici,</em></span> <span class='ocrx_word' id='word_1_28' title='bbox 815 463 1024 519; x_wconf 82' lang='lat' dir='ltr'><em>quomodo</em></span> <span class='ocrx_word' id='word_1_29' title='bbox 1055 463 1185 505; x_wconf 87' lang='lat' dir='ltr'><em>etiam</em></span> <span class='ocrx_word' id='word_1_30' title='bbox 1212 463 1400 505; x_wconf 79' lang='lat' dir='ltr'><em>thesibus</em></span> <span class='ocrx_word' id='word_1_31' title='bbox 1429 468 1466 505; x_wconf 90' lang='lat' dir='ltr'><em>et</em></span> <span class='ocrx_word' id='word_1_32' title='bbox 1494 461 1863 517; x_wconf 73' lang='lat' dir='ltr'><em>disputationibus</em></span> <span class='ocrx_word' id='word_1_33' title='bbox 1892 464 2038 503; x_wconf 89' lang='lat' dir='ltr'><em>contra</em></span> 
     </span>
     <span class='ocr_line' id='line_1_5' title="bbox 348 532 2038 595; baseline -0.005 -13"><span class='ocrx_word' id='word_1_34' title='bbox 348 541 470 595; x_wconf 85' lang='lat' dir='ltr'><em>regni</em></span> <span class='ocrx_word' id='word_1_35' title='bbox 485 543 642 580; x_wconf 84' lang='lat' dir='ltr'><em>statum</em></span> <span class='ocrx_word' id='word_1_36' title='bbox 656 537 857 578; x_wconf 76' lang='lat' dir='ltr'><em>lacessere</em></span> <span class='ocrx_word' id='word_1_37' title='bbox 873 547 951 575; x_wconf 90' lang='lat' dir='ltr'><em>nos</em></span> <span class='ocrx_word' id='word_1_38' title='bbox 966 547 1054 576; x_wconf 88' lang='lat' dir='ltr'><em>non</em></span> <span class='ocrx_word' id='word_1_39' title='bbox 1071 538 1316 577; x_wconf 87' lang='lat' dir='ltr'><em>vereantur:</em></span> <span class='ocrx_word' id='word_1_40' title='bbox 1333 535 1405 576; x_wconf 85' lang='lat' dir='ltr'><em>vix</em></span> <span class='ocrx_word' id='word_1_41' title='bbox 1419 546 1448 588; x_wconf 91' lang='lat'><em>4</em></span> <span class='ocrx_word' id='word_1_42' title='bbox 1462 538 1536 575; x_wconf 87' lang='lat' dir='ltr'><em>aut</em></span> <span class='ocrx_word' id='word_1_43' title='bbox 1550 544 1578 587; x_wconf 87' lang='lat'>5</span> <span class='ocrx_word' id='word_1_44' title='bbox 1592 537 1694 574; x_wconf 88' lang='lat' dir='ltr'><em>sunt</em></span> <span class='ocrx_word' id='word_1_45' title='bbox 1708 532 1881 574; x_wconf 88' lang='lat' dir='ltr'><em>illorum</em></span> <span class='ocrx_word' id='word_1_46' title='bbox 1896 536 1932 574; x_wconf 91' lang='lat' dir='ltr'><em>et</em></span> <span class='ocrx_word' id='word_1_47' title='bbox 1947 532 2038 574; x_wconf 86' lang='lat' dir='ltr'><em>iam</em></span> 
     </span>
     <span class='ocr_line' id='line_1_6' title="bbox 350 602 2086 666; baseline -0.005 -15"><span class='ocrx_word' id='word_1_48' title='bbox 350 611 530 666; x_wconf 83' lang='lat' dir='ltr'><em>quietem</em></span> <span class='ocrx_word' id='word_1_49' title='bbox 569 611 741 663; x_wconf 87' lang='lat' dir='ltr'><em>propter</em></span> <span class='ocrx_word' id='word_1_50' title='bbox 780 605 878 648; x_wconf 86' lang='lat' dir='ltr'><em>illos</em></span> <span class='ocrx_word' id='word_1_51' title='bbox 918 605 968 646; x_wconf 90' lang='lat' dir='ltr'><em>in</em></span> <span class='ocrx_word' id='word_1_52' title='bbox 1007 618 1138 659; x_wconf 88' lang='lat' dir='ltr'><em>regno</em></span> <span class='ocrx_word' id='word_1_53' title='bbox 1177 605 1327 647; x_wconf 92' lang='lat' dir='ltr'><em>habere</em></span> <span class='ocrx_word' id='word_1_54' title='bbox 1366 619 1454 647; x_wconf 91' lang='lat' dir='ltr'><em>non</em></span> <span class='ocrx_word' id='word_1_55' title='bbox 1493 609 1726 660; x_wconf 89' lang='lat' dir='ltr'><em>possumus</em></span> <span class='ocrx_word' id='word_1_56' title='bbox 1744 616 1762 651; x_wconf 90' lang='lat'><em>,·</em></span> <span class='ocrx_word' id='word_1_57' title='bbox 1803 616 1907 658; x_wconf 86' lang='lat' dir='ltr'><em>quos</em></span> <span class='ocrx_word' id='word_1_58' title='bbox 1947 602 2038 644; x_wconf 80' lang='lat' dir='ltr'><em>nisi</em></span> <span class='ocrx_word' id='word_1_59' title='bbox 2068 614 2086 642; x_wconf 89' lang='lat'><strong>5</strong></span> 
     </span>
     <span class='ocr_line' id='line_1_7' title="bbox 348 672 2038 732; baseline -0.004 -11"><span class='ocrx_word' id='word_1_60' title='bbox 348 684 510 722; x_wconf 85' lang='lat' dir='ltr'><em>mature</em></span> <span class='ocrx_word' id='word_1_61' title='bbox 539 692 588 720; x_wconf 83' lang='lat' dir='ltr'><em>ex</em></span> <span class='ocrx_word' id='word_1_62' title='bbox 617 691 746 732; x_wconf 89' lang='lat' dir='ltr'><em>regno</em></span> <span class='ocrx_word' id='word_1_63' title='bbox 776 675 995 724; x_wconf 88' lang='lat' dir='ltr'><em>eieceritis,</em></span> <span class='ocrx_word' id='word_1_64' title='bbox 1029 675 1144 718; x_wconf 87' lang='lat' dir='ltr'><em>brevi</em></span> <span class='ocrx_word' id='word_1_65' title='bbox 1169 677 1369 730; x_wconf 72' lang='lat' dir='ltr'><em>futurum</em></span> <span class='ocrx_word' id='word_1_66' title='bbox 1397 680 1472 726; x_wconf 90' lang='lat' dir='ltr'><em>est,</em></span> <span class='ocrx_word' id='word_1_67' title='bbox 1495 680 1541 717; x_wconf 82' lang='lat' dir='ltr'><em>ut</em></span> <span class='ocrx_word' id='word_1_68' title='bbox 1562 676 1718 717; x_wconf 88' lang='lat' dir='ltr'><em>iterum</em></span> <span class='ocrx_word' id='word_1_69' title='bbox 1746 672 2038 716; x_wconf 88' lang='lat' dir='ltr'><em>abominanda</em></span> 
     </span>
     <span class='ocr_line' id='line_1_8' title="bbox 345 745 2038 804; baseline -0.004 -12"><span class='ocrx_word' id='word_1_70' title='bbox 345 750 589 793; x_wconf 87' lang='lat' dir='ltr'><em>idololatria</em></span> <span class='ocrx_word' id='word_1_71' title='bbox 609 752 766 804; x_wconf 87' lang='lat' dir='ltr'><em>papae,</em></span> <span class='ocrx_word' id='word_1_72' title='bbox 804 747 952 794; x_wconf 85' lang='lat' dir='ltr'><em>missa,</em></span> <span class='ocrx_word' id='word_1_73' title='bbox 989 747 1207 801; x_wconf 82' lang='lat' dir='ltr'><em>imagines</em></span> <span class='ocrx_word' id='word_1_74' title='bbox 1229 752 1266 788; x_wconf 93' lang='lat' dir='ltr'><em>et</em></span> <span class='ocrx_word' id='word_1_75' title='bbox 1287 751 1532 788; x_wconf 82' lang='lat' dir='ltr'><em>sanctorum</em></span> <span class='ocrx_word' id='word_1_76' title='bbox 1552 751 1777 800; x_wconf 80' lang='lat' dir='ltr'><em>tamquam</em></span> <span class='ocrx_word' id='word_1_77' title='bbox 1807 745 2038 787; x_wconf 87' lang='lat' dir='ltr'><em>multorum</em></span> 
     </span>
     <span class='ocr_line' id='line_1_9' title="bbox 343 815 2038 871; baseline -0.004 -9"><span class='ocrx_word' id='word_1_78' title='bbox 343 822 518 863; x_wconf 87' lang='lat' dir='ltr'><em>deorum</em></span> <span class='ocrx_word' id='word_1_79' title='bbox 567 819 762 861; x_wconf 91' lang='lat' dir='ltr'><em>adoratio</em></span> <span class='ocrx_word' id='word_1_80' title='bbox 799 819 850 860; x_wconf 91' lang='lat' dir='ltr'><em>in</em></span> <span class='ocrx_word' id='word_1_81' title='bbox 888 831 1033 859; x_wconf 89' lang='lat' dir='ltr'><em>omnes</em></span> <span class='ocrx_word' id='word_1_82' title='bbox 1078 818 1268 860; x_wconf 86' lang='lat' dir='ltr'><em>civitates</em></span> <span class='ocrx_word' id='word_1_83' title='bbox 1306 818 1616 864; x_wconf 78' lang='lat' dir='ltr'><em>introducatur,</em></span> <span class='ocrx_word' id='word_1_84' title='bbox 1658 830 1708 858; x_wconf 87' lang='lat' dir='ltr'><em>ex</em></span> <span class='ocrx_word' id='word_1_85' title='bbox 1747 815 1903 871; x_wconf 84' lang='lat' dir='ltr'><em>quibus</em></span> <span class='ocrx_word' id='word_1_86' title='bbox 1941 828 2038 857; x_wconf 86' lang='lat' dir='ltr'><em>cum</em></span> 
     </span>
     <span class='ocr_line' id='line_1_10' title="bbox 343 887 2039 946; baseline -0.004 -12"><span class='ocrx_word' id='word_1_87' title='bbox 343 892 510 946; x_wconf 79' lang='lat' dir='ltr'><em>ingenti</em></span> <span class='ocrx_word' id='word_1_88' title='bbox 536 891 676 933; x_wconf 91' lang='lat' dir='ltr'><em>labore</em></span> <span class='ocrx_word' id='word_1_89' title='bbox 705 894 802 932; x_wconf 88' lang='lat' dir='ltr'><em>ante</em></span> <span class='ocrx_word' id='word_1_90' title='bbox 829 892 992 944; x_wconf 89' lang='lat' dir='ltr'><em>paucos</em></span> <span class='ocrx_word' id='word_1_91' title='bbox 1021 901 1160 930; x_wconf 90' lang='lat' dir='ltr'><em>annos</em></span> <span class='ocrx_word' id='word_1_92' title='bbox 1189 889 1590 943; x_wconf 86' lang='lat' dir='ltr'><em>exstirpaveramus.</em></span> <span class='ocrx_word' id='word_1_93' title='bbox 1625 887 1698 929; x_wconf 91' lang='lat' dir='ltr'><em>Ad</em></span> <span class='ocrx_word' id='word_1_94' title='bbox 1728 887 1846 929; x_wconf 80' lang='lat' dir='ltr'><em>hane</em></span> <span class='ocrx_word' id='word_1_95' title='bbox 1878 899 2039 942; x_wconf 89' lang='lat' dir='ltr'><em>queru-</em></span> 
     </span>
     <span class='ocr_line' id='line_1_11' title="bbox 342 956 2086 1015; baseline -0.005 -10"><span class='ocrx_word' id='word_1_96' title='bbox 342 962 433 1005; x_wconf 89' lang='lat' dir='ltr'><em>lam</em></span> <span class='ocrx_word' id='word_1_97' title='bbox 470 960 824 1004; x_wconf 88' lang='lat' dir='ltr'><em>obtestationem</em></span> <span class='ocrx_word' id='word_1_98' title='bbox 862 958 1074 1015; x_wconf 78' lang='lat' dir='ltr'><em>episcopi,</em></span> <span class='ocrx_word' id='word_1_99' title='bbox 1114 972 1218 1000; x_wconf 92' lang='lat' dir='ltr'><em>cum</em></span> <span class='ocrx_word' id='word_1_100' title='bbox 1255 958 1468 1001; x_wconf 77' lang='lat' dir='ltr'><em>nobilitas</em></span> <span class='ocrx_word' id='word_1_101' title='bbox 1505 958 1769 1015; x_wconf 79' lang='lat' dir='ltr'><em>aliquandiu</em></span> <span class='ocrx_word' id='word_1_102' title='bbox 1806 956 2034 1005; x_wconf 87' lang='lat' dir='ltr'><em>tacuisset,</em></span> <span class='ocrx_word' id='word_1_103' title='bbox 2051 968 2086 996; x_wconf 91' lang='lat'><em>10</em></span> 
     </span>
     <span class='ocr_line' id='line_1_12' title="bbox 343 1026 2039 1089; baseline -0.005 -13"><span class='ocrx_word' id='word_1_104' title='bbox 343 1047 527 1089; x_wconf 80' lang='lat' dir='ltr'><em>surgens</em></span> <span class='ocrx_word' id='word_1_105' title='bbox 554 1046 671 1075; x_wconf 91' lang='lat' dir='ltr'><em>unus</em></span> <span class='ocrx_word' id='word_1_106' title='bbox 693 1046 747 1074; x_wconf 86' lang='lat' dir='ltr'><em>ex</em></span> <span class='ocrx_word' id='word_1_107' title='bbox 768 1030 866 1080; x_wconf 88' lang='lat' dir='ltr'><em>illis,</em></span> <span class='ocrx_word' id='word_1_108' title='bbox 890 1029 1033 1072; x_wconf 86' lang='lat' dir='ltr'><em>nostri</em></span> <span class='ocrx_word' id='word_1_109' title='bbox 1059 1029 1410 1079; x_wconf 89' lang='lat' dir='ltr'><em>amantissimus,</em></span> <span class='ocrx_word' id='word_1_110' title='bbox 1435 1029 1481 1071; x_wconf 90' lang='lat' dir='ltr'><em>in</em></span> <span class='ocrx_word' id='word_1_111' title='bbox 1501 1030 1612 1072; x_wconf 88' lang='lat' dir='ltr'><em>haec</em></span> <span class='ocrx_word' id='word_1_112' title='bbox 1640 1030 1780 1072; x_wconf 87' lang='lat' dir='ltr'><em>verba</em></span> <span class='ocrx_word' id='word_1_113' title='bbox 1807 1026 2039 1084; x_wconf 81' lang='lat' dir='ltr'><em>respondit</em></span> 
     </span>
     <span class='ocr_line' id='line_1_13' title="bbox 343 1101 2039 1160; baseline -0.004 -13"><span class='ocrx_word' id='word_1_114' title='bbox 343 1104 511 1147; x_wconf 90' lang='lat' dir='ltr'><em>Ariano</em></span> <span class='ocrx_word' id='word_1_115' title='bbox 562 1101 980 1160; x_wconf 87' lang='lat' dir='ltr'><em>superintendenti:</em></span> <span class='ocrx_word' id='word_1_116' title='bbox 1034 1101 1170 1149; x_wconf 85' lang='lat' dir='ltr'><em>Audi,</em></span> <span class='ocrx_word' id='word_1_117' title='bbox 1224 1101 1397 1143; x_wconf 86' lang='lat' dir='ltr'><em>domine</em></span> <span class='ocrx_word' id='word_1_118' title='bbox 1446 1101 1649 1149; x_wconf 85' lang='lat' dir='ltr'><em>Demetri,</em></span> <span class='ocrx_word' id='word_1_119' title='bbox 1704 1114 1811 1142; x_wconf 88' lang='lat' dir='ltr'><em>num</em></span> <span class='ocrx_word' id='word_1_120' title='bbox 1861 1101 2039 1154; x_wconf 88' lang='lat' dir='ltr'><em>ignoras</em></span> 
     </span>
     <span class='ocr_line' id='line_1_14' title="bbox 344 1171 2039 1228; baseline -0.004 -10"><span class='ocrx_word' id='word_1_121' title='bbox 344 1176 553 1218; x_wconf 88' lang='lat' dir='ltr'><em>decretum</em></span> <span class='ocrx_word' id='word_1_122' title='bbox 591 1189 679 1217; x_wconf 90' lang='lat' dir='ltr'><em>esse</em></span> <span class='ocrx_word' id='word_1_123' title='bbox 716 1174 854 1228; x_wconf 85' lang='lat' dir='ltr'><em>regni,</em></span> <span class='ocrx_word' id='word_1_124' title='bbox 889 1177 936 1215; x_wconf 88' lang='lat' dir='ltr'><em>ut</em></span> <span class='ocrx_word' id='word_1_125' title='bbox 961 1173 1101 1214; x_wconf 83' lang='lat' dir='ltr'><em>cuivis</em></span> <span class='ocrx_word' id='word_1_126' title='bbox 1126 1171 1264 1214; x_wconf 91' lang='lat' dir='ltr'><em>nobili</em></span> <span class='ocrx_word' id='word_1_127' title='bbox 1286 1172 1457 1214; x_wconf 89' lang='lat' dir='ltr'><em>licitum</em></span> <span class='ocrx_word' id='word_1_128' title='bbox 1481 1172 1538 1214; x_wconf 90' lang='lat' dir='ltr'><em>sit</em></span> <span class='ocrx_word' id='word_1_129' title='bbox 1563 1173 1657 1214; x_wconf 89' lang='lat' dir='ltr'><em>eius</em></span> <span class='ocrx_word' id='word_1_130' title='bbox 1681 1171 1783 1223; x_wconf 82' lang='lat' dir='ltr'><em>fidei</em></span> <span class='ocrx_word' id='word_1_131' title='bbox 1814 1171 2039 1213; x_wconf 89' lang='lat' dir='ltr'><em>conciona-</em></span> 
     </span>
     <span class='ocr_line' id='line_1_15' title="bbox 344 1241 2039 1299; baseline -0.004 -10"><span class='ocrx_word' id='word_1_132' title='bbox 344 1252 475 1289; x_wconf 87' lang='lat' dir='ltr'><em>torem</em></span> <span class='ocrx_word' id='word_1_133' title='bbox 511 1247 562 1288; x_wconf 89' lang='lat' dir='ltr'><em>in</em></span> <span class='ocrx_word' id='word_1_134' title='bbox 600 1247 693 1288; x_wconf 88' lang='lat' dir='ltr'><em>suis</em></span> <span class='ocrx_word' id='word_1_135' title='bbox 733 1245 855 1288; x_wconf 89' lang='lat' dir='ltr'><em>bonis</em></span> <span class='ocrx_word' id='word_1_136' title='bbox 893 1249 1043 1292; x_wconf 88' lang='lat' dir='ltr'><em>tenere,</em></span> <span class='ocrx_word' id='word_1_137' title='bbox 1087 1257 1218 1299; x_wconf 86' lang='lat' dir='ltr'><em>quam</em></span> <span class='ocrx_word' id='word_1_138' title='bbox 1255 1244 1351 1298; x_wconf 92' lang='lat' dir='ltr'><em>ipse</em></span> <span class='ocrx_word' id='word_1_139' title='bbox 1387 1243 1580 1298; x_wconf 74' lang='lat' dir='ltr'><em>profiteri</em></span> <span class='ocrx_word' id='word_1_140' title='bbox 1617 1243 1735 1285; x_wconf 86' lang='lat' dir='ltr'><em>vellet</em></span> <span class='ocrx_word' id='word_1_141' title='bbox 1753 1244 1775 1285; x_wconf 69' lang='grc' dir='ltr'><em>Ρ</em></span> <span class='ocrx_word' id='word_1_142' title='bbox 1813 1241 1904 1284; x_wconf 91' lang='lat' dir='ltr'><em>Cur</em></span> <span class='ocrx_word' id='word_1_143' title='bbox 1942 1254 2039 1295; x_wconf 85' lang='lat' dir='ltr'><em>ergo</em></span> 
     </span>
     <span class='ocr_line' id='line_1_16' title="bbox 345 1312 2088 1373; baseline -0.005 -13"><span class='ocrx_word' id='word_1_144' title='bbox 345 1318 544 1373; x_wconf 73' lang='lat' dir='ltr'><em>principi</em></span> <span class='ocrx_word' id='word_1_145' title='bbox 564 1322 706 1359; x_wconf 89' lang='lat' dir='ltr'><em>nostro</em></span> <span class='ocrx_word' id='word_1_146' title='bbox 727 1315 752 1357; x_wconf 94' lang='lat' dir='ltr'><em>I</em></span> <span class='ocrx_word' id='word_1_147' title='bbox 754 1315 1034 1358; x_wconf 85' lang='lat' dir='ltr'><em>llustrissimo</em></span> <span class='ocrx_word' id='word_1_148' title='bbox 1054 1315 1318 1369; x_wconf 89' lang='lat' dir='ltr'><em>indignaris,</em></span> <span class='ocrx_word' id='word_1_149' title='bbox 1345 1314 1456 1370; x_wconf 87' lang='lat' dir='ltr'><em>quod</em></span> <span class='ocrx_word' id='word_1_150' title='bbox 1476 1328 1580 1356; x_wconf 89' lang='lat' dir='ltr'><em>suae</em></span> <span class='ocrx_word' id='word_1_151' title='bbox 1600 1313 1826 1368; x_wconf 84' lang='lat' dir='ltr'><em>religionis</em></span> <span class='ocrx_word' id='word_1_152' title='bbox 1846 1312 2040 1355; x_wconf 86' lang='lat' dir='ltr'><em>homines</em></span> <span class='ocrx_word' id='word_1_153' title='bbox 2054 1323 2088 1351; x_wconf 87' lang='lat'><em>15</em></span> 
     </span>
     <span class='ocr_line' id='line_1_17' title="bbox 345 1382 2041 1442; baseline -0.004 -11"><span class='ocrx_word' id='word_1_154' title='bbox 345 1390 394 1431; x_wconf 91' lang='lat' dir='ltr'><em>in</em></span> <span class='ocrx_word' id='word_1_155' title='bbox 427 1402 529 1430; x_wconf 87' lang='lat' dir='ltr'><em>suas</em></span> <span class='ocrx_word' id='word_1_156' title='bbox 563 1389 752 1431; x_wconf 82' lang='lat' dir='ltr'><em>civitates</em></span> <span class='ocrx_word' id='word_1_157' title='bbox 774 1392 811 1429; x_wconf 92' lang='lat' dir='ltr'><em>et</em></span> <span class='ocrx_word' id='word_1_158' title='bbox 841 1391 977 1442; x_wconf 85' lang='lat' dir='ltr'><em>pagos</em></span> <span class='ocrx_word' id='word_1_159' title='bbox 1011 1385 1338 1428; x_wconf 77' lang='lat' dir='ltr'><em>introduxerit?</em></span> <span class='ocrx_word' id='word_1_160' title='bbox 1370 1385 1587 1440; x_wconf 85' lang='lat' dir='ltr'><em>numquid</em></span> <span class='ocrx_word' id='word_1_161' title='bbox 1618 1385 1823 1440; x_wconf 88' lang='lat' dir='ltr'><em>princeps</em></span> <span class='ocrx_word' id='word_1_162' title='bbox 1857 1382 2041 1425; x_wconf 85' lang='lat' dir='ltr'><em>minoris</em></span> 
     </span>
     <span class='ocr_line' id='line_1_18' title="bbox 345 1454 2040 1511; baseline -0.004 -10"><span class='ocrx_word' id='word_1_163' title='bbox 345 1460 459 1501; x_wconf 87' lang='lat' dir='ltr'><em>debet</em></span> <span class='ocrx_word' id='word_1_164' title='bbox 493 1473 580 1501; x_wconf 85' lang='lat' dir='ltr'><em>esse</em></span> <span class='ocrx_word' id='word_1_165' title='bbox 615 1458 888 1501; x_wconf 83' lang='lat' dir='ltr'><em>authoritatis</em></span> <span class='ocrx_word' id='word_1_166' title='bbox 924 1462 961 1500; x_wconf 89' lang='lat' dir='ltr'><em>et</em></span> <span class='ocrx_word' id='word_1_167' title='bbox 995 1457 1215 1500; x_wconf 84' lang='lat' dir='ltr'><em>deterioris</em></span> <span class='ocrx_word' id='word_1_168' title='bbox 1256 1457 1529 1504; x_wconf 86' lang='lat' dir='ltr'><em>conditionis,</em></span> <span class='ocrx_word' id='word_1_169' title='bbox 1571 1470 1702 1511; x_wconf 87' lang='lat' dir='ltr'><em>quam</em></span> <span class='ocrx_word' id='word_1_170' title='bbox 1740 1455 1915 1511; x_wconf 86' lang='lat' dir='ltr'><em>quilibet</em></span> <span class='ocrx_word' id='word_1_171' title='bbox 1949 1454 2040 1510; x_wconf 88' lang='lat' dir='ltr'><em>pri-</em></span> 
     </span>
     <span class='ocr_line' id='line_1_19' title="bbox 346 1525 2042 1585; baseline -0.004 -12"><span class='ocrx_word' id='word_1_172' title='bbox 346 1536 468 1573; x_wconf 84' lang='lat' dir='ltr'><em>vatus</em></span> <span class='ocrx_word' id='word_1_173' title='bbox 486 1531 641 1573; x_wconf 85' lang='lat' dir='ltr'><em>nobilis</em></span> <span class='ocrx_word' id='word_1_174' title='bbox 659 1532 681 1573; x_wconf 69' lang='lat'><em>‚³</em></span> <span class='ocrx_word' id='word_1_175' title='bbox 702 1534 748 1572; x_wconf 90' lang='lat' dir='ltr'><em>ut</em></span> <span class='ocrx_word' id='word_1_176' title='bbox 769 1529 832 1578; x_wconf 91' lang='lat' dir='ltr'><em>id,</em></span> <span class='ocrx_word' id='word_1_177' title='bbox 850 1529 962 1585; x_wconf 84' lang='lat' dir='ltr'><em>quod</em></span> <span class='ocrx_word' id='word_1_178' title='bbox 983 1529 1122 1571; x_wconf 84' lang='lat' dir='ltr'><em>cuivis</em></span> <span class='ocrx_word' id='word_1_179' title='bbox 1144 1528 1296 1579; x_wconf 79' lang='lat' dir='ltr'><em>infimo</em></span> <span class='ocrx_word' id='word_1_180' title='bbox 1318 1527 1455 1570; x_wconf 85' lang='lat' dir='ltr'><em>nobili</em></span> <span class='ocrx_word' id='word_1_181' title='bbox 1475 1527 1583 1575; x_wconf 86' lang='lat' dir='ltr'><em>licet,</em></span> <span class='ocrx_word' id='word_1_182' title='bbox 1609 1527 1807 1582; x_wconf 88' lang='lat' dir='ltr'><em>principi</em></span> <span class='ocrx_word' id='word_1_183' title='bbox 1828 1529 2003 1580; x_wconf 87' lang='lat' dir='ltr'><em>negetur</em></span> <span class='ocrx_word' id='word_1_184' title='bbox 2021 1525 2042 1565; x_wconf 71' lang='grc' dir='ltr'><em>Ρ</em></span> 
     </span>
     <span class='ocr_line' id='line_1_20' title="bbox 346 1596 2039 1656; baseline -0.004 -12"><span class='ocrx_word' id='word_1_185' title='bbox 346 1602 554 1656; x_wconf 84' lang='lat' dir='ltr'><em>Agnosce,</em></span> <span class='ocrx_word' id='word_1_186' title='bbox 586 1601 789 1649; x_wconf 86' lang='lat' dir='ltr'><em>Demetri,</em></span> <span class='ocrx_word' id='word_1_187' title='bbox 823 1605 977 1643; x_wconf 88' lang='lat' dir='ltr'><em>sortem</em></span> <span class='ocrx_word' id='word_1_188' title='bbox 1006 1604 1127 1642; x_wconf 87' lang='lat' dir='ltr'><em>tuam</em></span> <span class='ocrx_word' id='word_1_189' title='bbox 1157 1603 1194 1641; x_wconf 88' lang='lat' dir='ltr'><em>et</em></span> <span class='ocrx_word' id='word_1_190' title='bbox 1231 1613 1279 1640; x_wconf 89' lang='lat' dir='ltr'><em>ea</em></span> <span class='ocrx_word' id='word_1_191' title='bbox 1307 1603 1525 1641; x_wconf 88' lang='lat' dir='ltr'><em>contentus</em></span> <span class='ocrx_word' id='word_1_192' title='bbox 1556 1603 1652 1646; x_wconf 84' lang='lat' dir='ltr'><em>esto,</em></span> <span class='ocrx_word' id='word_1_193' title='bbox 1687 1611 1740 1639; x_wconf 91' lang='lat' dir='ltr'><em>ne</em></span> <span class='ocrx_word' id='word_1_194' title='bbox 1769 1597 1874 1639; x_wconf 88' lang='lat' dir='ltr'><em>dum</em></span> <span class='ocrx_word' id='word_1_195' title='bbox 1904 1596 2039 1638; x_wconf 88' lang='lat' dir='ltr'><em>nimis</em></span> 
     </span>
     <span class='ocr_line' id='line_1_21' title="bbox 347 1668 2090 1728; baseline -0.004 -13"><span class='ocrx_word' id='word_1_196' title='bbox 347 1673 480 1714; x_wconf 90' lang='lat' dir='ltr'><em>multa</em></span> <span class='ocrx_word' id='word_1_197' title='bbox 520 1672 867 1728; x_wconf 84' lang='lat' dir='ltr'><em>comprehendere</em></span> <span class='ocrx_word' id='word_1_198' title='bbox 917 1671 1114 1719; x_wconf 83' lang='lat' dir='ltr'><em>volueris,</em></span> <span class='ocrx_word' id='word_1_199' title='bbox 1175 1670 1304 1712; x_wconf 87' lang='lat' dir='ltr'><em>etiam</em></span> <span class='ocrx_word' id='word_1_200' title='bbox 1344 1683 1405 1718; x_wconf 91' lang='lat' dir='ltr'><em>ea,</em></span> <span class='ocrx_word' id='word_1_201' title='bbox 1452 1683 1560 1725; x_wconf 84' lang='lat' dir='ltr'><em>quae</em></span> <span class='ocrx_word' id='word_1_202' title='bbox 1599 1668 1805 1724; x_wconf 84' lang='lat' dir='ltr'><em>possides,</em></span> <span class='ocrx_word' id='word_1_203' title='bbox 1850 1668 2090 1709; x_wconf 86' lang='lat' dir='ltr'><em>amittas.2o</em></span> 
     </span>
     <span class='ocr_line' id='line_1_22' title="bbox 347 1740 2041 1799; baseline -0.004 -14"><span class='ocrx_word' id='word_1_204' title='bbox 347 1743 430 1786; x_wconf 89' lang='lat' dir='ltr'><em>His</em></span> <span class='ocrx_word' id='word_1_205' title='bbox 466 1743 633 1785; x_wconf 87' lang='lat' dir='ltr'><em>auditis</em></span> <span class='ocrx_word' id='word_1_206' title='bbox 669 1742 1042 1799; x_wconf 87' lang='lat' dir='ltr'><em>superintendens</em></span> <span class='ocrx_word' id='word_1_207' title='bbox 1077 1741 1322 1790; x_wconf 89' lang='lat' dir='ltr'><em>obmutuit,</em></span> <span class='ocrx_word' id='word_1_208' title='bbox 1362 1740 1616 1796; x_wconf 89' lang='lat' dir='ltr'><em>caeterique</em></span> <span class='ocrx_word' id='word_1_209' title='bbox 1652 1742 1907 1787; x_wconf 89' lang='lat' dir='ltr'><em>tacuerunt,</em></span> <span class='ocrx_word' id='word_1_210' title='bbox 1950 1751 2041 1780; x_wconf 89' lang='lat' dir='ltr'><em>non</em></span> 
     </span>
     <span class='ocr_line' id='line_1_23' title="bbox 346 1810 1873 1870; baseline -0.003 -13"><span class='ocrx_word' id='word_1_211' title='bbox 346 1815 576 1865; x_wconf 85' lang='lat' dir='ltr'><em>habentes,</em></span> <span class='ocrx_word' id='word_1_212' title='bbox 610 1815 733 1870; x_wconf 90' lang='lat' dir='ltr'><em>quod</em></span> <span class='ocrx_word' id='word_1_213' title='bbox 761 1818 920 1856; x_wconf 90' lang='lat' dir='ltr'><em>contra</em></span> <span class='ocrx_word' id='word_1_214' title='bbox 949 1818 1154 1869; x_wconf 90' lang='lat' dir='ltr'><em>apertam</em></span> <span class='ocrx_word' id='word_1_215' title='bbox 1183 1811 1425 1855; x_wconf 87' lang='lat' dir='ltr'><em>veritatem</em></span> <span class='ocrx_word' id='word_1_216' title='bbox 1454 1815 1636 1867; x_wconf 87' lang='lat' dir='ltr'><em>possent</em></span> <span class='ocrx_word' id='word_1_217' title='bbox 1669 1810 1873 1853; x_wconf 90' lang='lat' dir='ltr'><em>obiicere.</em></span> 
     </span>
    </p>

    <p class='ocr_par' dir='ltr' id='par_1_3' title="bbox 346 1880 2090 2213">
     <span class='ocr_line' id='line_1_24' title="bbox 477 1880 2038 1941; baseline -0.004 -13"><span class='ocrx_word' id='word_1_218' title='bbox 477 1886 602 1928; x_wconf 88' lang='lat' dir='ltr'><em>Alius</em></span> <span class='ocrx_word' id='word_1_219' title='bbox 650 1885 837 1941; x_wconf 89' lang='lat' dir='ltr'><em>quidam</em></span> <span class='ocrx_word' id='word_1_220' title='bbox 886 1884 1026 1927; x_wconf 87' lang='lat' dir='ltr'><em>dixit:</em></span> <span class='ocrx_word' id='word_1_221' title='bbox 1079 1898 1169 1926; x_wconf 92' lang='lat' dir='ltr'><em>non</em></span> <span class='ocrx_word' id='word_1_222' title='bbox 1206 1883 1395 1938; x_wconf 91' lang='lat' dir='ltr'><em>legimus</em></span> <span class='ocrx_word' id='word_1_223' title='bbox 1444 1882 1673 1938; x_wconf 89' lang='lat' dir='ltr'><em>apostolos</em></span> <span class='ocrx_word' id='word_1_224' title='bbox 1720 1885 1879 1923; x_wconf 92' lang='lat' dir='ltr'><em>contra</em></span> <span class='ocrx_word' id='word_1_225' title='bbox 1926 1880 2038 1930; x_wconf 88' lang='lat' dir='ltr'><em>illos,</em></span> 
     </span>
     <span class='ocr_line' id='line_1_25' title="bbox 347 1951 2039 2013; baseline -0.002 -14"><span class='ocrx_word' id='word_1_226' title='bbox 347 1957 423 2013; x_wconf 90' lang='lat' dir='ltr'><em>qui</em></span> <span class='ocrx_word' id='word_1_227' title='bbox 450 1971 554 1999; x_wconf 91' lang='lat' dir='ltr'><em>cum</em></span> <span class='ocrx_word' id='word_1_228' title='bbox 579 1956 686 2013; x_wconf 92' lang='lat' dir='ltr'><em>ipsis</em></span> <span class='ocrx_word' id='word_1_229' title='bbox 713 1956 944 2012; x_wconf 91' lang='lat' dir='ltr'><em>disputare</em></span> <span class='ocrx_word' id='word_1_230' title='bbox 970 1955 1230 2005; x_wconf 86' lang='lat' dir='ltr'><em>voluissent,</em></span> <span class='ocrx_word' id='word_1_231' title='bbox 1255 1954 1490 1997; x_wconf 86' lang='lat' dir='ltr'><em>brachium</em></span> <span class='ocrx_word' id='word_1_232' title='bbox 1513 1953 1737 1996; x_wconf 81' lang='lat' dir='ltr'><em>saeculare</em></span> <span class='ocrx_word' id='word_1_233' title='bbox 1765 1951 2039 2007; x_wconf 86' lang='lat' dir='ltr'><em>implorasse,</em></span> 
     </span>
     <span class='ocr_line' id='line_1_26' title="bbox 346 2023 2090 2083; baseline -0.001 -13"><span class='ocrx_word' id='word_1_234' title='bbox 346 2028 460 2070; x_wconf 86' lang='lat' dir='ltr'><em>sicut</em></span> <span class='ocrx_word' id='word_1_235' title='bbox 490 2028 662 2070; x_wconf 81' lang='lat' dir='ltr'><em>faciunt</em></span> <span class='ocrx_word' id='word_1_236' title='bbox 690 2027 778 2077; x_wconf 90' lang='lat' dir='ltr'><em>isti,</em></span> <span class='ocrx_word' id='word_1_237' title='bbox 809 2041 948 2083; x_wconf 88' lang='lat' dir='ltr'><em>quare</em></span> <span class='ocrx_word' id='word_1_238' title='bbox 974 2026 1022 2069; x_wconf 90' lang='lat' dir='ltr'><em>hi</em></span> <span class='ocrx_word' id='word_1_239' title='bbox 1050 2040 1141 2068; x_wconf 89' lang='lat' dir='ltr'><em>non</em></span> <span class='ocrx_word' id='word_1_240' title='bbox 1169 2026 1382 2068; x_wconf 89' lang='lat' dir='ltr'><em>videntur</em></span> <span class='ocrx_word' id='word_1_241' title='bbox 1410 2024 1643 2081; x_wconf 92' lang='lat' dir='ltr'><em>apostolici</em></span> <span class='ocrx_word' id='word_1_242' title='bbox 1671 2023 1755 2067; x_wconf 86' lang='lat' dir='ltr'><em>viri</em></span> <span class='ocrx_word' id='word_1_243' title='bbox 1784 2037 1890 2066; x_wconf 91' lang='lat' dir='ltr'><em>esse.</em></span> <span class='ocrx_word' id='word_1_244' title='bbox 1922 2024 2090 2068; x_wconf 83' lang='lat' dir='ltr'><em>Item25</em></span> 
     </span>
     <span class='ocr_line' id='line_1_27' title="bbox 346 2095 2041 2156; baseline -0.002 -14"><span class='ocrx_word' id='word_1_245' title='bbox 346 2099 532 2156; x_wconf 83' lang='lat' dir='ltr'><em>quidam</em></span> <span class='ocrx_word' id='word_1_246' title='bbox 582 2099 696 2142; x_wconf 87' lang='lat' dir='ltr'><em>alius</em></span> <span class='ocrx_word' id='word_1_247' title='bbox 746 2098 955 2155; x_wconf 89' lang='lat' dir='ltr'><em>ampullis</em></span> <span class='ocrx_word' id='word_1_248' title='bbox 997 2097 1219 2153; x_wconf 83' lang='lat' dir='ltr'><em>argenteis</em></span> <span class='ocrx_word' id='word_1_249' title='bbox 1269 2096 1593 2153; x_wconf 82' lang='lat' dir='ltr'><em>grandiusculis</em></span> <span class='ocrx_word' id='word_1_250' title='bbox 1643 2100 1849 2138; x_wconf 89' lang='lat' dir='ltr'><em>nostrum</em></span> <span class='ocrx_word' id='word_1_251' title='bbox 1900 2095 2041 2139; x_wconf 89' lang='lat' dir='ltr'><em>altare</em></span> 
     </span>
     <span class='ocr_line' id='line_1_28' title="bbox 347 2170 596 2213; baseline -0.004 0"><span class='ocrx_word' id='word_1_252' title='bbox 347 2170 596 2213; x_wconf 85' lang='lat' dir='ltr'><em>exornavit.</em></span> 
     </span>
    </p>

    <p class='ocr_par' dir='ltr' id='par_1_4' title="bbox 348 2237 2090 3218">
     <span class='ocr_line' id='line_1_29' title="bbox 479 2237 2041 2296; baseline -0.001 -13"><span class='ocrx_word' id='word_1_253' title='bbox 479 2242 650 2284; x_wconf 90' lang='lat' dir='ltr'><em>Multae</em></span> <span class='ocrx_word' id='word_1_254' title='bbox 693 2246 926 2296; x_wconf 90' lang='lat' dir='ltr'><em>praeterea</em></span> <span class='ocrx_word' id='word_1_255' title='bbox 969 2239 1191 2289; x_wconf 87' lang='lat' dir='ltr'><em>civitates,</em></span> <span class='ocrx_word' id='word_1_256' title='bbox 1238 2239 1341 2295; x_wconf 86' lang='lat' dir='ltr'><em>pagi</em></span> <span class='ocrx_word' id='word_1_257' title='bbox 1385 2244 1430 2282; x_wconf 91' lang='lat' dir='ltr'><em>et</em></span> <span class='ocrx_word' id='word_1_258' title='bbox 1474 2238 1643 2295; x_wconf 89' lang='lat' dir='ltr'><em>oppida</em></span> <span class='ocrx_word' id='word_1_259' title='bbox 1684 2237 2041 2293; x_wconf 86' lang='lat' dir='ltr'><em>Transylvaniae</em></span> 
     </span>
     <span class='ocr_line' id='line_1_30' title="bbox 348 2308 2037 2368; baseline -0.001 -14"><span class='ocrx_word' id='word_1_260' title='bbox 348 2317 550 2355; x_wconf 87' lang='lat' dir='ltr'><em>nostram</em></span> <span class='ocrx_word' id='word_1_261' title='bbox 578 2327 711 2368; x_wconf 92' lang='lat' dir='ltr'><em>opem</em></span> <span class='ocrx_word' id='word_1_262' title='bbox 738 2312 996 2368; x_wconf 86' lang='lat' dir='ltr'><em>implorant.</em></span> <span class='ocrx_word' id='word_1_263' title='bbox 1028 2311 1083 2353; x_wconf 92' lang='lat' dir='ltr'><em>In</em></span> <span class='ocrx_word' id='word_1_264' title='bbox 1110 2310 1274 2353; x_wconf 80' lang='lat' dir='ltr'><em>Siculia</em></span> <span class='ocrx_word' id='word_1_265' title='bbox 1301 2311 1495 2366; x_wconf 87' lang='lat' dir='ltr'><em>populus</em></span> <span class='ocrx_word' id='word_1_266' title='bbox 1517 2308 1765 2352; x_wconf 87' lang='lat' dir='ltr'><em>catholicus</em></span> <span class='ocrx_word' id='word_1_267' title='bbox 1787 2313 1832 2350; x_wconf 91' lang='lat' dir='ltr'><em>et</em></span> <span class='ocrx_word' id='word_1_268' title='bbox 1853 2308 2037 2361; x_wconf 87' lang='lat' dir='ltr'><em>nobiles,</em></span> 
     </span>
     <span class='ocr_line' id='line_1_31' title="bbox 348 2379 2090 2438; baseline -0.001 -13"><span class='ocrx_word' id='word_1_269' title='bbox 348 2398 525 2426; x_wconf 90' lang='lat' dir='ltr'><em>summo</em></span> <span class='ocrx_word' id='word_1_270' title='bbox 542 2383 759 2426; x_wconf 89' lang='lat' dir='ltr'><em>desiderio</em></span> <span class='ocrx_word' id='word_1_271' title='bbox 774 2397 855 2425; x_wconf 90' lang='lat' dir='ltr'><em>nos</em></span> <span class='ocrx_word' id='word_1_272' title='bbox 870 2387 1108 2438; x_wconf 89' lang='lat' dir='ltr'><em>tamquam</em></span> <span class='ocrx_word' id='word_1_273' title='bbox 1124 2382 1304 2438; x_wconf 87' lang='lat' dir='ltr'><em>angelos</em></span> <span class='ocrx_word' id='word_1_274' title='bbox 1328 2386 1407 2424; x_wconf 89' lang='lat' dir='ltr'><em>aut</em></span> <span class='ocrx_word' id='word_1_275' title='bbox 1430 2381 1657 2437; x_wconf 91' lang='lat' dir='ltr'><em>apostolos</em></span> <span class='ocrx_word' id='word_1_276' title='bbox 1679 2381 1747 2422; x_wconf 94' lang='lat' dir='ltr'><em>De</em></span> <span class='ocrx_word' id='word_1_277' title='bbox 1764 2379 2037 2434; x_wconf 87' lang='lat' dir='ltr'><em>iexpectant.</em></span> <span class='ocrx_word' id='word_1_278' title='bbox 2053 2387 2090 2415; x_wconf 80' lang='lat'><em>3⁰</em></span> 
     </span>
     <span class='ocr_line' id='line_1_32' title="bbox 350 2449 2037 2509; baseline -0.002 -13"><span class='ocrx_word' id='word_1_279' title='bbox 350 2455 432 2496; x_wconf 87' lang='lat' dir='ltr'><em>Est</em></span> <span class='ocrx_word' id='word_1_280' title='bbox 477 2459 631 2497; x_wconf 89' lang='lat' dir='ltr'><em>autem</em></span> <span class='ocrx_word' id='word_1_281' title='bbox 676 2453 841 2496; x_wconf 80' lang='lat' dir='ltr'><em>Siculia</em></span> <span class='ocrx_word' id='word_1_282' title='bbox 884 2453 1130 2496; x_wconf 84' lang='lat' dir='ltr'><em>comitatus</em></span> <span class='ocrx_word' id='word_1_283' title='bbox 1159 2453 1515 2509; x_wconf 85' lang='lat' dir='ltr'><em>Transylvaniae</em></span> <span class='ocrx_word' id='word_1_284' title='bbox 1559 2457 1604 2494; x_wconf 90' lang='lat' dir='ltr'><em>et</em></span> <span class='ocrx_word' id='word_1_285' title='bbox 1649 2464 1752 2507; x_wconf 91' lang='lat' dir='ltr'><em>pars</em></span> <span class='ocrx_word' id='word_1_286' title='bbox 1796 2449 2037 2502; x_wconf 83' lang='lat' dir='ltr'><em>orientalis,</em></span> 
     </span>
     <span class='ocr_line' id='line_1_33' title="bbox 350 2521 2042 2580; baseline -0.001 -14"><span class='ocrx_word' id='word_1_287' title='bbox 350 2524 590 2568; x_wconf 90' lang='lat' dir='ltr'><em>Valachiae</em></span> <span class='ocrx_word' id='word_1_288' title='bbox 609 2529 655 2568; x_wconf 90' lang='lat' dir='ltr'><em>et</em></span> <span class='ocrx_word' id='word_1_289' title='bbox 675 2524 930 2568; x_wconf 86' lang='lat' dir='ltr'><em>Moldaviae</em></span> <span class='ocrx_word' id='word_1_290' title='bbox 950 2524 1172 2566; x_wconf 90' lang='lat' dir='ltr'><em>adiacens.</em></span> <span class='ocrx_word' id='word_1_291' title='bbox 1200 2525 1255 2566; x_wconf 91' lang='lat' dir='ltr'><em>In</em></span> <span class='ocrx_word' id='word_1_292' title='bbox 1275 2538 1327 2566; x_wconf 88' lang='lat' dir='ltr'><em>ea</em></span> <span class='ocrx_word' id='word_1_293' title='bbox 1347 2529 1476 2580; x_wconf 89' lang='lat' dir='ltr'><em>parte</em></span> <span class='ocrx_word' id='word_1_294' title='bbox 1497 2523 1668 2578; x_wconf 89' lang='lat' dir='ltr'><em>integre</em></span> <span class='ocrx_word' id='word_1_295' title='bbox 1687 2521 1798 2563; x_wconf 91' lang='lat' dir='ltr'><em>fides</em></span> <span class='ocrx_word' id='word_1_296' title='bbox 1818 2521 2042 2565; x_wconf 90' lang='lat' dir='ltr'><em>catholica</em></span> 
     </span>
     <span class='ocr_line' id='line_1_34' title="bbox 353 2590 2036 2651; baseline 0.001 -16"><span class='ocrx_word' id='word_1_297' title='bbox 353 2593 437 2636; x_wconf 81' lang='lat' dir='ltr'><em>fuit</em></span> <span class='ocrx_word' id='word_1_298' title='bbox 476 2600 754 2646; x_wconf 87' lang='lat' dir='ltr'><em>conservata,</em></span> <span class='ocrx_word' id='word_1_299' title='bbox 795 2595 874 2638; x_wconf 90' lang='lat' dir='ltr'><em>sed</em></span> <span class='ocrx_word' id='word_1_300' title='bbox 910 2609 1079 2651; x_wconf 89' lang='lat' dir='ltr'><em>paucos</em></span> <span class='ocrx_word' id='word_1_301' title='bbox 1115 2596 1285 2638; x_wconf 88' lang='lat' dir='ltr'><em>habent</em></span> <span class='ocrx_word' id='word_1_302' title='bbox 1331 2594 1585 2638; x_wconf 89' lang='lat' dir='ltr'><em>sacerdotes</em></span> <span class='ocrx_word' id='word_1_303' title='bbox 1622 2597 1668 2635; x_wconf 88' lang='lat' dir='ltr'><em>et</em></span> <span class='ocrx_word' id='word_1_304' title='bbox 1706 2606 1781 2635; x_wconf 91' lang='lat' dir='ltr'><em>eos</em></span> <span class='ocrx_word' id='word_1_305' title='bbox 1818 2590 2036 2636; x_wconf 90' lang='lat' dir='ltr'><em>indoctos.</em></span> 
     </span>
     <span class='ocr_line' id='line_1_35' title="bbox 353 2663 2040 2722; baseline 0 -16"><span class='ocrx_word' id='word_1_306' title='bbox 353 2665 469 2707; x_wconf 90' lang='lat' dir='ltr'><em>Item</em></span> <span class='ocrx_word' id='word_1_307' title='bbox 496 2666 541 2707; x_wconf 90' lang='lat' dir='ltr'><em>in</em></span> <span class='ocrx_word' id='word_1_308' title='bbox 571 2667 854 2710; x_wconf 76' lang='lat' dir='ltr'><em>Karansebes</em></span> <span class='ocrx_word' id='word_1_309' title='bbox 881 2666 1118 2722; x_wconf 90' lang='lat' dir='ltr'><em>collegium</em></span> <span class='ocrx_word' id='word_1_310' title='bbox 1144 2666 1427 2722; x_wconf 64' lang='lat' dir='ltr'><em>postulatum</em></span> <span class='ocrx_word' id='word_1_311' title='bbox 1454 2670 1534 2707; x_wconf 87' lang='lat' dir='ltr'><em>est.</em></span> <span class='ocrx_word' id='word_1_312' title='bbox 1569 2665 1653 2706; x_wconf 89' lang='lat' dir='ltr'><em>Est</em></span> <span class='ocrx_word' id='word_1_313' title='bbox 1681 2666 1835 2705; x_wconf 91' lang='lat' dir='ltr'><em>autern</em></span> <span class='ocrx_word' id='word_1_314' title='bbox 1865 2663 2040 2706; x_wconf 78' lang='lat' dir='ltr'><em>Karan—</em></span> 
     </span>
     <span class='ocr_line' id='line_1_36' title="bbox 353 2733 2090 2794; baseline 0.001 -18"><span class='ocrx_word' id='word_1_315' title='bbox 353 2735 477 2777; x_wconf 89' lang='lat' dir='ltr'><em>sebes</em></span> <span class='ocrx_word' id='word_1_316' title='bbox 502 2736 662 2780; x_wconf 91' lang='lat' dir='ltr'><em>ultima</em></span> <span class='ocrx_word' id='word_1_317' title='bbox 686 2737 1041 2794; x_wconf 89' lang='lat' dir='ltr'><em>Transylvaniae</em></span> <span class='ocrx_word' id='word_1_318' title='bbox 1066 2737 1239 2786; x_wconf 88' lang='lat' dir='ltr'><em>civitas,</em></span> <span class='ocrx_word' id='word_1_319' title='bbox 1274 2737 1320 2778; x_wconf 89' lang='lat' dir='ltr'><em>in</em></span> <span class='ocrx_word' id='word_1_320' title='bbox 1346 2736 1511 2778; x_wconf 91' lang='lat' dir='ltr'><em>finibus</em></span> <span class='ocrx_word' id='word_1_321' title='bbox 1536 2733 1773 2790; x_wconf 82' lang='lat' dir='ltr'><em>Ungariae,</em></span> <span class='ocrx_word' id='word_1_322' title='bbox 1802 2733 2090 2789; x_wconf 82' lang='lat' dir='ltr'><em>Bulgariae35</em></span> 
     </span>
     <span class='ocr_line' id='line_1_37' title="bbox 353 2804 2041 2863; baseline 0.001 -17"><span class='ocrx_word' id='word_1_323' title='bbox 353 2810 398 2847; x_wconf 90' lang='lat' dir='ltr'><em>et</em></span> <span class='ocrx_word' id='word_1_324' title='bbox 435 2806 628 2861; x_wconf 89' lang='lat' dir='ltr'><em>Mysiae:</em></span> <span class='ocrx_word' id='word_1_325' title='bbox 667 2813 862 2851; x_wconf 90' lang='lat' dir='ltr'><em>utuntur</em></span> <span class='ocrx_word' id='word_1_326' title='bbox 897 2808 1068 2851; x_wconf 90' lang='lat' dir='ltr'><em>incolae</em></span> <span class='ocrx_word' id='word_1_327' title='bbox 1105 2808 1272 2863; x_wconf 84' lang='lat' dir='ltr'><em>partim</em></span> <span class='ocrx_word' id='word_1_328' title='bbox 1304 2806 1541 2863; x_wconf 86' lang='lat' dir='ltr'><em>Ungarica‚</em></span> <span class='ocrx_word' id='word_1_329' title='bbox 1582 2804 1748 2861; x_wconf 89' lang='lat' dir='ltr'><em>partim</em></span> <span class='ocrx_word' id='word_1_330' title='bbox 1783 2804 2041 2848; x_wconf 85' lang='lat' dir='ltr'><em>Dalmatica</em></span> 
     </span>
     <span class='ocr_line' id='line_1_38' title="bbox 352 2875 2041 2931; baseline 0.001 -14"><span class='ocrx_word' id='word_1_331' title='bbox 352 2875 530 2931; x_wconf 84' lang='lat' dir='ltr'><em>lingua:</em></span> <span class='ocrx_word' id='word_1_332' title='bbox 570 2877 692 2921; x_wconf 88' lang='lat' dir='ltr'><em>locus</em></span> <span class='ocrx_word' id='word_1_333' title='bbox 728 2880 1097 2922; x_wconf 88' lang='lat' dir='ltr'><em>accommodatus</em></span> <span class='ocrx_word' id='word_1_334' title='bbox 1134 2879 1193 2921; x_wconf 94' lang='lat' dir='ltr'><em>ad</em></span> <span class='ocrx_word' id='word_1_335' title='bbox 1229 2878 1450 2920; x_wconf 89' lang='lat' dir='ltr'><em>iuvandas</em></span> <span class='ocrx_word' id='word_1_336' title='bbox 1487 2882 1577 2918; x_wconf 90' lang='lat' dir='ltr'><em>tres</em></span> <span class='ocrx_word' id='word_1_337' title='bbox 1613 2879 1866 2931; x_wconf 86' lang='lat' dir='ltr'><em>quatuorve</em></span> <span class='ocrx_word' id='word_1_338' title='bbox 1908 2876 2041 2919; x_wconf 87' lang='lat' dir='ltr'><em>simul</em></span> 
     </span>
     <span class='ocr_line' id='line_1_39' title="bbox 353 2945 2040 3006; baseline 0.001 -18"><span class='ocrx_word' id='word_1_339' title='bbox 353 2946 616 3001; x_wconf 87' lang='lat' dir='ltr'><em>provincias.</em></span> <span class='ocrx_word' id='word_1_340' title='bbox 656 2948 774 2992; x_wconf 86' lang='lat' dir='ltr'><em>Item</em></span> <span class='ocrx_word' id='word_1_341' title='bbox 810 2950 1026 2993; x_wconf 86' lang='lat' dir='ltr'><em>Varadini</em></span> <span class='ocrx_word' id='word_1_342' title='bbox 1066 2949 1205 3006; x_wconf 92' lang='lat' dir='ltr'><em>(quod</em></span> <span class='ocrx_word' id='word_1_343' title='bbox 1240 2948 1458 3004; x_wconf 91' lang='lat' dir='ltr'><em>oppidum</em></span> <span class='ocrx_word' id='word_1_344' title='bbox 1496 2947 1542 2989; x_wconf 92' lang='lat' dir='ltr'><em>in</em></span> <span class='ocrx_word' id='word_1_345' title='bbox 1578 2945 1806 2989; x_wconf 83' lang='lat' dir='ltr'><em>communi</em></span> <span class='ocrx_word' id='word_1_346' title='bbox 1847 2946 2040 2990; x_wconf 88' lang='lat' dir='ltr'><em>termino</em></span> 
     </span>
     <span class='ocr_line' id='line_1_40' title="bbox 353 3016 2039 3077; baseline 0.002 -19"><span class='ocrx_word' id='word_1_347' title='bbox 353 3017 703 3072; x_wconf 85' lang='lat' dir='ltr'><em>Transylvaniae</em></span> <span class='ocrx_word' id='word_1_348' title='bbox 747 3025 792 3062; x_wconf 89' lang='lat' dir='ltr'><em>et</em></span> <span class='ocrx_word' id='word_1_349' title='bbox 837 3021 1062 3077; x_wconf 87' lang='lat' dir='ltr'><em>Ungariae</em></span> <span class='ocrx_word' id='word_1_350' title='bbox 1106 3020 1244 3063; x_wconf 91' lang='lat' dir='ltr'><em>situm</em></span> <span class='ocrx_word' id='word_1_351' title='bbox 1289 3019 1371 3074; x_wconf 90' lang='lat' dir='ltr'><em>est)</em></span> <span class='ocrx_word' id='word_1_352' title='bbox 1420 3032 1498 3060; x_wconf 89' lang='lat' dir='ltr'><em>rex</em></span> <span class='ocrx_word' id='word_1_353' title='bbox 1544 3016 1754 3059; x_wconf 90' lang='lat' dir='ltr'><em>Poloniae</em></span> <span class='ocrx_word' id='word_1_354' title='bbox 1806 3017 2039 3073; x_wconf 87' lang='lat' dir='ltr'><em>collegium</em></span> 
     </span>
     <span class='ocr_line' id='line_1_41' title="bbox 353 3086 2090 3147; baseline 0.002 -19"><span class='ocrx_word' id='word_1_355' title='bbox 353 3086 482 3129; x_wconf 88' lang='lat' dir='ltr'><em>nobis</em></span> <span class='ocrx_word' id='word_1_356' title='bbox 511 3101 557 3130; x_wconf 87' lang='lat' dir='ltr'><em>se</em></span> <span class='ocrx_word' id='word_1_357' title='bbox 587 3094 838 3133; x_wconf 89' lang='lat' dir='ltr'><em>erecturum</em></span> <span class='ocrx_word' id='word_1_358' title='bbox 868 3091 1103 3147; x_wconf 86' lang='lat' dir='ltr'><em>promisit;</em></span> <span class='ocrx_word' id='word_1_359' title='bbox 1139 3090 1218 3133; x_wconf 92' lang='lat' dir='ltr'><em>ubi</em></span> <span class='ocrx_word' id='word_1_360' title='bbox 1247 3090 1392 3132; x_wconf 91' lang='lat' dir='ltr'><em>multo</em></span> <span class='ocrx_word' id='word_1_361' title='bbox 1423 3088 1638 3131; x_wconf 90' lang='lat' dir='ltr'><em>maiorem</em></span> <span class='ocrx_word' id='word_1_362' title='bbox 1668 3086 1810 3129; x_wconf 90' lang='lat' dir='ltr'><em>nostri</em></span> <span class='ocrx_word' id='word_1_363' title='bbox 1840 3086 2090 3131; x_wconf 56' lang='lat' dir='ltr'><em>fructum«)</em></span> 
     </span>
     <span class='ocr_line' id='line_1_42' title="bbox 355 3157 2036 3218; baseline 0.002 -19"><span class='ocrx_word' id='word_1_364' title='bbox 355 3157 497 3200; x_wconf 82' lang='lat' dir='ltr'><em>facere</em></span> <span class='ocrx_word' id='word_1_365' title='bbox 518 3164 713 3213; x_wconf 89' lang='lat' dir='ltr'><em>possent,</em></span> <span class='ocrx_word' id='word_1_366' title='bbox 738 3174 875 3216; x_wconf 90' lang='lat' dir='ltr'><em>quam</em></span> <span class='ocrx_word' id='word_1_367' title='bbox 896 3162 981 3212; x_wconf 88' lang='lat' dir='ltr'><em>hic,</em></span> <span class='ocrx_word' id='word_1_368' title='bbox 1015 3166 1199 3218; x_wconf 91' lang='lat' dir='ltr'><em>propter</em></span> <span class='ocrx_word' id='word_1_369' title='bbox 1225 3161 1418 3217; x_wconf 88' lang='lat' dir='ltr'><em>plurima</em></span> <span class='ocrx_word' id='word_1_370' title='bbox 1444 3159 1593 3202; x_wconf 88' lang='lat' dir='ltr'><em>vicina</em></span> <span class='ocrx_word' id='word_1_371' title='bbox 1619 3157 1787 3214; x_wconf 88' lang='lat' dir='ltr'><em>oppida</em></span> <span class='ocrx_word' id='word_1_372' title='bbox 1813 3164 1858 3201; x_wconf 88' lang='lat' dir='ltr'><em>et</em></span> <span class='ocrx_word' id='word_1_373' title='bbox 1885 3173 2036 3216; x_wconf 79' lang='lat' dir='ltr'><em>pagOS,</em></span> 
     </span>
    </p>
   </div>
  </div>
 </body>
</html>
