2188 3535
136 178 231 224 1582
264 177 348 211 okt.
388 179 449 222 19]
900 178 974 212 ΝΟ-
1005 180 1051 223 78
1754 191 1822 228 235

133 294 450 344 misericordes,
479 294 594 338 sicut
621 300 666 338 et
692 300 823 352 pater
847 302 997 339 vester
1021 296 1268 340 misericors
1294 303 1362 340 est
1382 312 1391 349 ;
1423 313 1528 343 cum
1554 299 1671 343 alter
1697 305 1828 357 pater

134 366 333 409 eiusdem
362 370 514 408 tecum
542 366 646 409 fidei
675 371 720 408 et
749 367 972 423 religionis
1001 368 1277 411 contrarium
1306 368 1352 412 in
1382 384 1545 426 campo
1579 375 1624 413 et
1653 370 1700 413 in
1730 370 1826 413 foro

134 436 323 479 clamet:
362 436 529 479 Nostra
550 437 687 479 bursa
719 452 810 480 non
843 438 1058 494 impletur
1089 438 1270 482 nomine
1303 445 1348 482 et
1386 440 1695 484 misericordia
1728 441 1825 484 Dei.

135 509 196 550 Et
228 506 275 549 in
306 506 546 550 vindemiis
576 507 643 550 ita
674 521 720 550 se
752 508 902 565 gessit,
926 513 978 550 ut
1008 509 1211 552 omnium
1244 510 1289 552 in
1322 525 1403 553 nos
1434 511 1540 555 odia
1574 511 1825 555 concitarit.

87 589 105 617 5
143 577 339 634 Quidam
363 577 433 620 vir
456 578 709 634 primarius,
737 579 882 622 scriba
907 579 1118 629 civitatis,
1146 581 1407 631 catholicus,
1434 588 1621 639 rogatus
1647 583 1706 626 ab
1730 582 1828 626 aliis

135 654 232 692 tam
258 649 503 698 catholicis,
532 663 672 705 quam
693 649 941 701 haereticis,
962 650 1138 706 scripsit
1165 652 1224 693 ad
1249 666 1366 701 eum,
1395 667 1559 709 rogans
1584 659 1637 696 ut
1664 653 1712 697 in
1737 653 1829 697 exi-

134 719 289 776 gendis
322 719 508 762 decimis
540 720 915 764 consuetudinem
948 721 1071 777 regni
1104 727 1302 764 servaret
1337 728 1382 766 et
1416 723 1453 766 si
1486 724 1677 767 nesciret
1711 724 1828 768 deci-

135 805 271 840 mare,
295 794 347 832 ut
369 790 592 846 Jesuvita,
624 790 883 841 decimaret,
908 796 960 834 ut
982 792 1147 834 milites
1176 793 1334 843 solent,
1366 793 1445 850 qui
1475 794 1511 837 si
1541 795 1691 838 famae
1720 809 1828 839 suae

135 866 181 904 et
220 861 443 904 sociorum
482 862 647 904 habere
686 861 910 905 rationem
949 863 1100 912 nollet,
1142 864 1329 906 haberet
1369 865 1533 908 saltem
1571 871 1829 922 respectum

88 944 123 971 ιο
136 931 474 982 catholicorum,
509 932 587 989 qui
631 937 818 989 propter
846 933 997 989 ipsum
1028 934 1086 977 ab
1117 934 1353 977 haereticis
1385 935 1598 978 conviciis
1631 936 1828 993 proscin-

136 1003 319 1046 duntur.
352 1004 412 1045 Et
442 1003 654 1060 quamvis
682 1003 748 1047 ita
776 1004 931 1047 stricte
960 1010 1005 1047 et
1034 1004 1173 1061 rigide
1202 1005 1442 1061 exigantur
1470 1006 1623 1050 omnia
1652 1007 1828 1050 tributa

137 1079 182 1117 et
219 1073 457 1130 vectigalia
494 1089 521 1117 a
557 1074 738 1124 colonis,
777 1090 869 1118 non
906 1080 1062 1118 tamen
1097 1076 1201 1118 inde
1239 1076 1475 1119 evadimus
1512 1077 1710 1127 ditiores,
1750 1078 1829 1121 sed

137 1145 282 1188 multo
321 1145 569 1188 miseriores
606 1145 817 1188 omnibus
838 1145 922 1188 illis
944 1146 1151 1197 dominis,
1176 1148 1255 1202 qui
1283 1152 1390 1190 ante
1419 1162 1502 1191 nos
1529 1148 1828 1203 possederunt

136 1217 257 1258 bona
277 1221 444 1259 nostra.
477 1217 606 1259 Certe
631 1231 747 1259 unus
773 1216 965 1266 illorum,
994 1216 1175 1260 nomine
1199 1219 1236 1259 F
1238 1217 1463 1260 ranciscus
1493 1220 1529 1260 F
1531 1219 1696 1275 orgach
1712 1220 1729 1246 ⁶
1762 1220 1828 1274 (ut

88 1297 124 1324 15
137 1286 248 1329 mihi
260 1301 340 1344 pro
353 1301 399 1330 re
413 1287 662 1330 certissima
675 1302 827 1330 coram
839 1287 984 1343 regius
997 1288 1171 1344 legatus
1185 1290 1200 1314 ⁷
1223 1288 1486 1344 affirmavit)
1503 1289 1688 1345 singulis
1701 1290 1830 1332 annis

137 1372 216 1400 sex
248 1357 389 1401 millia
420 1373 659 1401 aureorum
692 1358 929 1414 colligebat
963 1373 1018 1401 ex
1050 1374 1128 1401 sex
1160 1359 1298 1415 pagis,
1333 1374 1448 1416 quos
1480 1374 1562 1403 nos
1593 1360 1828 1403 habemus.

137 1429 265 1471 Alter
300 1443 406 1472 vero
442 1429 624 1472 nomine
660 1429 876 1485 Gy111afi‚⁸
912 1429 990 1486 qui
1026 1435 1128 1486 post
1164 1430 1292 1473 illum
1327 1436 1601 1474 successerat
1638 1431 1684 1474 in
1719 1432 1831 1474 haec

138 1500 296 1543 eadem
336 1500 469 1550 bona,
511 1514 616 1542 cum
656 1504 840 1542 centum
880 1499 1109 1556 equitibus
1157 1515 1213 1543 ex
1266 1501 1361 1544 sola
1413 1502 1498 1544 hac
1552 1501 1830 1558 possessione

137 1570 261 1614 laute
297 1570 407 1613 satis
444 1575 489 1613 et
527 1570 759 1626 splendide
796 1570 941 1613 vixit:
982 1571 1166 1627 singulis
1203 1572 1501 1615 hebdomadis
1539 1573 1653 1616 duos
1690 1573 1831 1616 boves

88 1641 360 1684 20mactavit
387 1646 432 1684 et
459 1641 686 1698 stipendia
713 1641 932 1684 militibus
958 1642 1108 1685 solvit.

268 1713 399 1755 Nunc
438 1727 520 1755 nos
559 1711 713 1755 omnia
750 1712 826 1756 illa
864 1713 984 1756 bona
1022 1714 1256 1763 habemus,
1298 1729 1415 1770 quae
1454 1714 1517 1756 illi
1555 1715 1828 1764 habuerunt,

136 1783 289 1826 omnia
313 1783 389 1826 illa
410 1783 597 1833 tributa,
616 1798 732 1839 quae
758 1783 842 1826 illis
867 1784 1013 1827 coloni
1039 1785 1290 1834 solvebant,
1319 1785 1449 1828 nobis
1475 1785 1720 1842 quotannis
1745 1786 1831 1829 sol-

137 1859 252 1896 vunt
278 1869 421 1911 usque
448 1855 507 1897 ad
532 1854 773 1897 minimum
799 1855 1115 1911 quadrantem,
1145 1855 1252 1898 vina
1278 1860 1322 1898 et
1350 1856 1499 1913 fruges
1525 1871 1645 1899 nunc
1672 1856 1831 1900 maiori

136 1925 268 1981 copia
313 1925 600 1981 proveniunt,
665 1940 805 1981 quam
850 1925 1028 1969 illorum
1075 1926 1355 1982 temporibus
1402 1932 1447 1970 et
1494 1932 1650 1971 tamen
1697 1928 1832 1971 modo

88 1998 192 2039 2518
223 1996 459 2051 Jesuvitae
489 2011 545 2038 ex
575 2000 646 2039 tot
678 1996 806 2039 bonis
836 1996 931 2040 sine
962 1997 1127 2040 debitis
1158 1997 1216 2040 ali
1247 2013 1338 2040 non
1368 2003 1573 2054 possunt.
1609 1998 1834 2041 Mirantur

137 2081 306 2116 omnes,
331 2081 421 2123 quo
443 2081 552 2110 nam
581 2067 848 2123 perveniant
879 2072 949 2111 tot
980 2069 1101 2111 bona
1131 2074 1176 2111 et
1207 2069 1435 2124 pecuniae.
1471 2070 1590 2112 Nam
1623 2070 1682 2112 ad
1712 2069 1833 2112 aedi-

137 2138 239 2181 ficia
263 2153 355 2181 non
380 2138 712 2194 expenduntur.
750 2137 866 2194 Quia
892 2139 951 2181 ad
975 2139 1095 2181 hunc
1122 2154 1255 2182 usum
1281 2140 1466 2182 seorsim
1492 2139 1676 2195 singulis
1703 2139 1832 2182 annis

138 2209 258 2251 mille
285 2209 442 2252 floreni
471 2209 640 2252 dantur
668 2223 723 2251 ex
752 2209 856 2251 aula
888 2209 1113 2265 principis.
1144 2211 1217 2252 Ad
1245 2210 1397 2253 cibum
1426 2210 1566 2253 etiam
1595 2215 1639 2252 et
1670 2215 1832 2266 potum

138 2295 230 2322 non
257 2284 560 2336 exponuntur.
598 2279 715 2336 Quia
742 2294 833 2322 non
859 2279 926 2322 ita
951 2280 1074 2322 laute
1102 2285 1367 2329 tractamur,
1397 2295 1478 2322 nec
1505 2281 1572 2323 ita
1599 2280 1831 2336 splendide

89 2361 126 2389 30
139 2350 372 2400 vestimur,
398 2355 450 2392 ut
476 2352 528 2393 18
553 2364 770 2406 personae
793 2354 864 2393 tot
887 2350 1092 2393 redditus
1115 2351 1288 2407 possint
1313 2365 1588 2393 consumere.
1616 2352 1670 2393 In
1694 2366 1832 2407 quem

138 2421 276 2477 igitur
303 2436 437 2464 usum
466 2426 511 2464 et
541 2421 770 2477 quomodo
800 2421 1127 2476 expendantur,
1153 2436 1233 2477 ego
1256 2421 1366 2463 scire
1395 2436 1486 2464 non
1515 2435 1714 2477 possum,
1746 2421 1832 2464 nisi

138 2493 263 2548 quod
296 2507 428 2549 saepe
463 2492 595 2535 video
631 2491 755 2534 mitti
789 2491 835 2533 in
871 2491 1106 2534 Poloniam
1141 2497 1186 2534 et
1221 2492 1466 2548 aliquando
1501 2492 1642 2535 etiam
1678 2492 1832 2535 amitti

139 2577 218 2618 per
241 2563 404 2606 infidos
429 2562 698 2606 tabellarios.
718 2564 821 2605 Huc
845 2562 1031 2611 accedit,
1061 2562 1185 2618 quod
1210 2563 1333 2605 nulla
1358 2563 1478 2605 bona
1504 2577 1612 2606 cura
1637 2564 1833 2606 habetur

138 2648 288 2677 rerum
316 2634 681 2683 domesticarum,
715 2633 864 2675 nullus
895 2637 962 2675 est
995 2633 1141 2675 bonus
1168 2647 1451 2676 oeconomus.
1493 2634 1548 2676 In
1585 2639 1832 2690 conspectu

91 2715 127 2743 35
139 2704 419 2760 superiorum
434 2709 623 2761 pereunt
639 2719 708 2747 res
724 2704 928 2746 diversae
944 2704 1003 2746 ad
1018 2718 1151 2746 usum
1166 2704 1452 2753 necessariae,
1472 2704 1608 2754 domi,
1627 2705 1674 2747 in
1691 2705 1834 2748 hortis

139 2780 184 2817 et
216 2775 263 2817 in
294 2775 477 2832 praedio
507 2780 552 2818 et
592 2790 683 2818 non
709 2779 788 2826 est,
814 2774 892 2831 qui
925 2779 1161 2830 congreget
1193 2779 1238 2816 et
1271 2780 1531 2818 conservet:
1567 2781 1612 2818 et
1646 2776 1835 2819 tandem

141 2850 364 2902 coguntur
388 2846 576 2889 minima
601 2860 807 2903 quaeque
832 2845 879 2887 in
904 2845 1000 2888 foro
1027 2844 1226 2901 pecuniis
1251 2860 1409 2888 emere.
1438 2847 1527 2889 Sed
1550 2846 1597 2889 in
1622 2847 1707 2889 hoc
1733 2852 1833 2890 tan-

140 2921 242 2959 tum
269 2922 375 2959 sunt
410 2918 545 2960 ambo
586 2917 765 2966 intenti,
805 2931 894 2972 quo
924 2916 1059 2958 modo
1088 2915 1272 2958 miseros
1298 2917 1489 2960 rusticos
1530 2917 1745 2960 divexent
1787 2922 1833 2960 et

142 2987 412 3037 excrucient,
430 2988 554 3030 nulla
578 2988 739 3031 habita
764 3001 873 3030 cura
897 2986 1055 3029 salutis
1080 3001 1248 3036 eorum,
1276 2987 1336 3030 ad
1359 3002 1499 3044 quam
1525 2987 1834 3044 principaliter

93 3093 130 3120 40
271 3091 285 3111 ⁶
313 3091 370 3123 Az
397 3099 490 3134 1577
512 3091 640 3135 elejen
660 3091 786 3124 elhalt
807 3088 987 3134 Forgach
1008 3089 1189 3122 FerenCZ.

269 3149 282 3170 ⁷
310 3149 548 3195 Berzeviczy
574 3149 744 3184 Marton.
802 3149 816 3170 ⁸
846 3147 988 3182 Ratoti
1012 3146 1173 3192 Gyulafi
1197 3147 1349 3183 Laszlo.

1908 1187 1983 1212 Mala

1843 1234 2030 1260 oeconomica.
