2188 3535
313 220 358 253 72
1070 198 1145 232 No·
1180 208 1226 244 23
1681 196 1800 242 [1579
1825 191 1910 237 11'111·
1950 194 1995 228 18

425 325 543 368 Petit
565 321 877 367 Serenissimus
899 331 976 359 rex
992 320 1158 365 noster,
1175 319 1226 357 ut
1243 314 1411 357 Paulus
1426 314 1640 370 Juliensis
1655 310 1995 355 archidiaconus

311 396 355 438 in
391 395 585 450 Somlyo,
610 394 916 445 suffraganeus
945 386 992 427 in
1021 385 1352 441 Transylvania
1381 385 1688 428 constituatur
1704 396 1712 432 ;
1744 397 1799 425 ex
1829 381 1995 439 quibus

310 466 457 508 verbis
493 463 641 519 gravis
677 460 819 503 oritur
855 455 1098 506 dubitatio,
1137 456 1366 512 quomodo
1399 456 1561 512 aliquis
1590 456 1637 498 in
1667 452 1995 509 Transylvania

307 536 447 591 possit
498 531 673 575 institui
724 529 1047 583 suffraganeus,
1099 526 1179 569 ubi
1230 526 1380 569 nullus
1418 532 1486 570 est
1525 527 1771 582 episcopus,
1826 523 1994 567 Suffra-

306 618 472 661 ganeus
524 602 642 644 enim
695 613 798 641 cum
851 598 922 648 sit,
975 597 1192 640 relatione
1232 597 1420 640 alicuius
1470 611 1644 653 semper
1696 595 1863 638 dicitur
1901 607 1994 636 esse
2025 606 2044 634 5

305 673 525 730 episcopi;
571 671 892 725 suffraganeus
938 667 1055 710 sicut
1099 682 1254 711 servus
1289 668 1490 718 alicuius,
1523 681 1698 723 semper
1727 665 1899 708 domini
1926 669 1995 707 est

304 757 455 787 servus
471 756 481 792 ;
506 746 550 784 et
572 741 650 783 ubi
672 754 763 783 non
791 741 850 782 sit
873 738 1098 789 dominus,
1122 738 1185 781 ibi
1206 739 1356 781 nullus
1378 738 1517 781 etiam
1540 738 1626 780 dici
1649 742 1801 793 potest
1823 750 1991 779 servus.

302 815 423 857 Sicut
447 813 524 854 ubi
547 811 696 854 nullus
718 815 785 853 est
809 809 1060 866 episcopm,
1098 809 1248 852 nullus
1270 809 1449 865 proprie
1475 809 1641 851 dicitur
1669 809 1991 863 suffraganeus.

300 885 461 927 Mirum
502 897 605 938 ergo
646 881 840 930 videtur,
883 879 1112 936 quomodo
1153 880 1470 922 Serenissimus
1509 894 1587 922 rex
1626 883 1756 935 petat
1796 878 1994 935 aliquem

299 955 343 996 in
383 969 434 997 eo
473 954 570 996 loco
602 952 741 995 creari
771 953 1123 1007 suffraganeum,
1155 950 1235 992 ubi
1264 951 1414 993 nullus
1453 955 1521 993 est
1565 950 1814 1006 episcopus.
1868 950 2045 1006 Quaem

296 1025 478 1081 quidem
501 1024 720 1080 quaestio,
749 1023 834 1065 etsi
855 1021 966 1064 satis
989 1021 1204 1064 intricata
1226 1026 1271 1064 et
1287 1021 1482 1064 difficilis
1504 1035 1598 1063 esse
1624 1021 1850 1071 videatur,
1879 1020 1993 1063 solvi

297 1102 450 1138 tamen
477 1095 644 1151 poterit
673 1094 876 1150 pluribus
904 1092 1065 1135 modis.

415 1165 693 1222 Responderi
728 1165 847 1207 enim
877 1163 1023 1220 primo
1055 1167 1207 1220 potest
1243 1163 1479 1205 dominum
1515 1163 1708 1205 Paulum
1744 1162 1994 1217 Juliensem

297 1238 434 1280 creari
458 1251 586 1293 posse
609 1236 943 1291 suffraganeum
972 1233 1170 1290 episcopi
1197 1234 1632 1290 Transylvaniensis,
1664 1233 1793 1276 Pauli
1825 1234 1993 1276 Borne-

298 1308 450 1358 misza,
469 1308 546 1364 qui
563 1307 710 1349 adhuc
725 1307 840 1349 vivit
857 1311 902 1348 et
918 1319 1037 1348 nunc
1053 1310 1122 1348 est
1137 1305 1374 1361 episcopus
1390 1305 1643 1348 Nitriensis.
1662 1305 1723 1347 At
1746 1305 1818 1347 hic
1841 1303 1992 1347 subito
2007 1318 2044 1347 15

298 1379 523 1435 quispiam
557 1391 793 1420 occurrens
826 1376 1021 1426 obiiciet,
1044 1376 1273 1418 neminem
1302 1390 1432 1432 posse
1460 1390 1554 1418 esse
1577 1376 1771 1418 duorum
1791 1376 1993 1418 locorum

298 1450 584 1505 episcopum;
618 1448 654 1491 si
684 1462 786 1504 ergo
817 1447 1027 1490 dominus
1058 1447 1226 1490 Paulus
1257 1451 1324 1490 est
1356 1447 1597 1490 Nitriensis
1627 1446 1876 1503 episcopus,
1901 1460 1992 1488 non

296 1525 446 1576 potest
468 1520 661 1575 amplius
683 1517 1218 1575 diciTransylvaniensis,
1238 1532 1290 1560 30
1315 1518 1503 1573 proinde
1525 1533 1616 1560 non
1638 1518 1806 1573 poterit
1829 1517 1992 1573 aliquis

297 1591 341 1632 in
350 1590 691 1646 Transylvania,
709 1594 916 1645 respectu
931 1589 1062 1639 illius,
1081 1589 1169 1631 dici
1184 1590 1507 1644 suffraganeus.
1520 1590 1670 1631 Acuta
1683 1588 1868 1645 quidem
1880 1589 1991 1631 haec

295 1667 362 1703 est
389 1661 595 1710 obiectio,
624 1661 702 1703 sed
727 1675 818 1703 non
843 1660 1048 1716 infringit
1075 1659 1347 1702 solutionem
1374 1660 1546 1703 datam.
1571 1659 1617 1702 Si
1638 1660 1759 1702 enim
1781 1659 2043 1702 dominuszo

295 1732 462 1774 Paulus
494 1732 796 1781 Bornemisza,
831 1732 925 1774 sive
957 1731 1220 1774 Abstemius
1252 1736 1414 1787 sponte
1447 1731 1645 1787 primum
1677 1730 1991 1786 episcopatum

292 1804 558 1859 resignasset
581 1808 625 1844 et
648 1803 783 1845 libere
805 1817 861 1845 ex
883 1817 934 1845 eo
956 1803 1054 1845 loco
1078 1802 1366 1851 discessisset,
1391 1806 1443 1844 ut
1467 1802 1742 1844 Nitriensem
1763 1802 1990 1844 obtineret

294 1874 619 1929 episcopatum,
644 1873 753 1915 nihil
775 1874 934 1930 utique
953 1873 1061 1916 iuris
1083 1873 1271 1915 haberet
1294 1873 1385 1915 iam
1415 1873 1474 1915 ad
1504 1873 1819 1929 episcopatum
1850 1874 1990 1916 Tran-

294 1944 637 2000 sylvaniensem.
676 1946 736 1986 At
772 1959 876 1987 cum
910 1945 956 1987 vi
991 1945 1050 1987 ab
1084 1944 1312 1986 haeretico
1347 1943 1548 2000 principe
1579 1944 1757 1999 Joanne
1792 1944 1991 1987 vaivoda

294 2015 427 2057 fuerit
450 2015 618 2057 eiectus
639 2029 742 2057 cum
764 2020 863 2058 toto
886 2015 1002 2057 clero
1025 2020 1070 2058 et
1093 2014 1153 2057 ad
1174 2019 1356 2070 tempus
1375 2020 1531 2058 tamen
1547 2015 1586 2057 ei
1602 2015 1737 2057 fuerit
1753 2027 2041 2058 concessus²⁵

293 2085 578 2141 episcopatus
613 2086 852 2128 Nitriensis
887 2100 913 2128 a
935 2086 1222 2129 Ferdinando
1257 2086 1542 2141 imperatore,
1581 2101 1671 2128 non
1705 2086 1887 2130 videtur
1920 2086 1990 2128 ius

292 2156 474 2199 omnino
502 2156 701 2199 amisisse
732 2157 792 2199 ad
825 2158 1019 2213 priorem
1054 2157 1381 2212 episcopatum.

409 2227 662 2283 [Secundo]
708 2229 865 2270 Potest
907 2234 952 2270 et
994 2228 1125 2270 aliter
1167 2227 1401 2283 proposita
1442 2229 1649 2284 quaestio
1678 2228 1805 2271 solvi.
1855 2228 1988 2283 Quod

292 2298 381 2339 Sua
410 2297 622 2340 Maiestas
650 2312 741 2341 non
769 2299 953 2354 putavit
983 2303 1165 2342 tantam
1194 2312 1289 2340 esse
1318 2299 1645 2342 connexionem
1682 2300 1800 2341 inter
1829 2300 1986 2341 suffra-

291 2382 482 2423 ganeum
519 2374 565 2410 et
603 2370 878 2426 episcopum,
919 2370 1043 2427 quod
1079 2370 1416 2425 suffraganeum
1459 2384 1635 2426 semper
1679 2375 1860 2426 oportet
1893 2383 1986 2412 esse
1999 2383 2039 2411 30

290 2439 372 2480 sub
423 2439 572 2495 aliquo
634 2440 857 2497 episcopo.
909 2442 1029 2483 Nam
1071 2441 1107 2483 si
1148 2440 1196 2482 id
1236 2441 1534 2495 cognovisset,
1579 2456 1670 2484 non
1711 2441 1985 2497 postulasset

291 2509 654 2553 archidiaconum
723 2525 856 2554 suum
925 2513 1274 2567 suffraganeum,
1347 2512 1427 2554 sed
1499 2512 1652 2567 potius
1723 2512 1985 2567 episcopum

291 2580 440 2621 creari.
500 2581 647 2635 Quare
703 2597 855 2625 secure
913 2597 1016 2625 eum
1073 2582 1164 2625 Sua
1220 2582 1449 2625 Sanctitas
1505 2583 1672 2638 poterit
1723 2583 1985 2638 episcopum

290 2649 740 2705 Transylvaniensem
802 2667 963 2696 creare.
1039 2654 1134 2696 Nec
1199 2658 1440 2710 propterea
1494 2653 1821 2709 praeiudicium
1880 2653 1984 2696 hinc

291 2719 475 2774 aliquod
515 2721 592 2762 fiet
645 2723 859 2766 Nitriensi
918 2724 1154 2780 episcopo;
1221 2737 1329 2765 113111
1387 2738 1490 2766 011111
1542 2724 1579 2766 15
1629 2724 1721 2766 13111
1772 2724 1831 2766 sit
1883 2738 1983 2766 cen·
1996 2738 2035 2766 35

291 2790 489 2831 tenarius
518 2792 653 2834 homo
684 2808 997 2849 repuerascere
1028 2795 1210 2837 videtur
1241 2799 1286 2836 et
1321 2809 1413 2837 non
1455 2799 1606 2850 potest
1649 2808 1805 2837 curam
1847 2794 1983 2837 eccle-

291 2859 456 2902 siarum
491 2861 667 2905 habere.
694 2865 982 2922 Quapropter
1013 2870 1058 2908 et
1089 2865 1365 2908 Nitriensem
1395 2865 1709 2921 episcopatum
1741 2865 1854 2908 alius
1884 2865 1982 2907 loco

290 2930 384 2971 eius
414 2931 649 2985 gubernat.

420 3001 583 3043 Tertio.
632 3004 819 3048 Sensum
865 3007 1107 3049 verborum
1139 3007 1255 3050 Suae
1288 3001 1384 3056 M‘is,
1419 3006 1642 3056 existimo,
1678 3006 1814 3049 fuisse
1845 3007 1979 3056 hunc,

290 3075 340 3111 ut
378 3071 633 3125 praedictus
672 3076 837 3118 Paulus
875 3077 1227 3120 constitueretur
1263 3093 1290 3121 a
1328 3078 1418 3120 Sua
1453 3078 1708 3121 Sanctitate
1745 3077 2033 3133 episcopusw

289 3140 718 3196 Transylvaniensis,
770 3153 1086 3190 verumtamen
1134 3162 1224 3190 non
1272 3153 1478 3191 uteretur
1520 3149 1702 3191 nomine
1750 3153 1796 3191 et
1844 3147 1980 3189 titulo

2161 3172 2163 3178 .
2158 2701 2168 3158 u-——m-——ffifi—
2164 2573 2171 2695 ’,ῃ-.-
