2188 3535
127 203 218 245 1581
254 201 361 235 decz.
401 202 462 245 10]
891 201 967 236 No.
993 203 1042 237 68
1739 212 1809 247 203

249 319 312 362 Mi
358 318 568 361 rimostro
599 319 674 375 poi
706 319 736 361 il
767 334 848 362 suo
895 318 1103 362 disiderio
1151 319 1218 361 ch’
1240 318 1287 360 in
1332 318 1647 362 Transilvania
1692 319 1810 364 fosse

117 390 277 432 alcuno
315 404 508 433 vescovo
545 404 624 446 per
661 404 809 432 creare
846 390 1069 432 sacerdoti
1106 394 1151 432 et
1189 390 1521 446 promuovergli
1558 394 1604 432 et
1641 390 1810 434 discese

115 460 162 502 in
193 465 366 516 questo,
400 461 481 503 che
511 461 698 503 sarebbe
728 462 855 510 bene,
889 460 1071 517 quando
1094 462 1185 503 cosi
1216 475 1243 503 a
1273 461 1364 504 Sua
1395 456 1457 503 Sta
1485 461 1695 517 piacesse,
1728 463 1810 505 che

115 545 178 573 un
208 531 369 573 nuntio
402 546 595 574 vescovo
628 532 818 574 andasse
849 532 893 574 la
926 546 953 574 a
984 531 1077 573 dar'
1097 536 1258 587 questo
1290 531 1525 587 principio,
1556 532 1705 588 percio
1728 534 1810 576 che

64 615 84 642 5
114 606 159 644 et
198 607 360 658 questo
399 603 728 658 apporterebbe
761 604 942 652 honore,
978 607 1023 644 et
1055 602 1259 644 stabilita
1297 603 1340 645 al
1377 602 1557 658 giovine
1595 603 1806 654 vaivoda,
1874 659 1880 661 ‚

114 672 159 714 di
187 673 268 715 che
296 673 386 715 Sua
413 675 588 716 Maesta
615 688 670 716 ne
698 674 953 716 resterebbe
980 687 1065 715 con
1092 673 1282 729 qualche
1309 673 1578 729 particolare
1605 674 1754 730 obligo
1783 689 1809 717 a

113 744 204 786 Sua
242 738 304 786 Sta
331 749 376 786 et
404 744 441 786 si
475 745 768 800 spianerebbe
795 745 839 786 la
865 744 1022 786 strada
1049 758 1075 786 a
1102 744 1319 786 lasciarne
1347 759 1541 787 vescovo
1568 745 1806 796 residente,

112 814 143 855 il
177 815 258 856 che
293 815 335 857 al
369 815 515 870 primo
550 816 678 871 colpo
711 830 802 858 non
836 815 1107 857 riuscirebbe
1141 829 1221 870 per
1253 829 1345 857 non
1380 815 1460 857 far'
1498 816 1689 871 strepito
1724 831 1809 859 con

112 885 262 941 quella
277 886 452 928 nobilta
467 892 511 928 et
529 886 644 928 forse
660 901 739 942 per
753 901 844 928 non
859 886 941 928 dar
956 890 1161 941 suspetto
1180 890 1344 942 troppo
1361 886 1571 928 evidente
1590 888 1632 929 al
1648 888 1806 930 Turco.

65 970 101 998 10
245 958 358 999 Pero
406 958 496 1000 Sua
546 953 607 1000 Sta
644 958 760 1000 forse
797 957 1055 1012 giudichera
1093 956 1139 998 di
1175 956 1378 999 mandar'
1420 957 1582 999 alcuna
1618 972 1810 1013 persona

113 1027 255 1069 molto
284 1028 437 1070 destra
464 1033 509 1070 et
543 1043 677 1071 senza
703 1028 871 1084 grande
899 1032 1120 1083 apparato
1149 1032 1194 1069 et
1222 1027 1300 1082 piu
1328 1032 1450 1069 tosto
1478 1033 1809 1082 segretamente

113 1102 158 1140 et
181 1099 443 1141 altrimenti.
480 1099 519 1141 Il
551 1101 644 1150 che,
681 1099 863 1155 quando
896 1099 932 1140 si
965 1098 1247 1146 deliberasse,
1269 1099 1322 1140 V.
1359 1098 1401 1140 S.
1438 1098 1541 1139 111ῐΠὶὶι
1560 1098 1596 1140 si
1618 1099 1811 1155 degnera

113 1169 159 1211 di
179 1170 472 1219 considerare,
495 1185 540 1212 se
561 1172 661 1213 sara
680 1171 793 1212 bene
814 1170 859 1212 di
880 1169 1102 1211 scriverne
1122 1169 1269 1224 prima
1289 1183 1315 1211 a
1335 1173 1495 1224 questo
1513 1182 1572 1218 re,
1591 1170 1713 1212 accio
1730 1171 1811 1213 che

113 1240 159 1281 di
192 1241 409 1283 Cracovia
425 1256 504 1297 per
521 1241 676 1283 strada
693 1241 851 1289 sicura,
872 1240 903 1281 il
921 1240 1049 1282 detto
1067 1254 1260 1282 vescovo
1278 1239 1439 1281 nuntio
1458 1239 1494 1281 si
1511 1239 1810 1284 incaminasse

65 1326 101 1355 15
113 1324 198 1353 con
227 1326 418 1367 persona
448 1317 493 1354 et
522 1313 682 1354 lettere
712 1311 758 1353 di
787 1316 950 1367 questa
981 1312 1169 1353 Maesta.

244 1383 331 1425 Dal
368 1397 529 1439 campo
566 1383 637 1425 del
673 1396 720 1424 re
756 1382 802 1424 di
840 1381 1026 1423 Polonia
1062 1386 1184 1423 sotto
1222 1380 1468 1431 Plescovia‚
1506 1381 1537 1423 il
1574 1381 1619 1424 di
1657 1395 1711 1438 29
1749 1383 1794 1425 di

112 1452 305 1495 Ottobre
338 1454 461 1507 1581.

113 1552 303 1594 (Emdeti,
333 1551 556 1596 sajatkezu',
576 1551 705 1585 romai
722 1552 851 1586 vatik.
874 1551 1145 1585 ›>Nunziatura
1162 1551 1203 1585 di
1221 1550 1457 1585 Germania«
1473 1561 1534 1596 93.
1555 1552 1640 1586 kot.
1662 1554 1746 1596 289.
1767 1554 1809 1596 l.)

238 1639 291 1677 M
293 1639 507 1689 egjegyzbs.
539 1638 640 1676 Erre
661 1650 685 1676 a
705 1638 856 1676 levelre
879 1637 988 1676 Galli
1016 1637 1469 1678 biboros-allamtitkar
1496 1639 1811 1678 Possevinonak

60 1698 345 1749 2omegkesve‚
389 1698 491 1747 1582
530 1698 763 1737 februarius
806 1698 927 1749 17-en
966 1710 991 1735 a
1030 1697 1378 1736 kovetkezokben
1416 1698 1531 1737 felelt
1571 1699 1782 1739 Romabol
1803 1714 1810 1739 :

118 1759 288 1810 Quanto
317 1757 358 1796 al
387 1758 706 1808 ragionamento
735 1762 885 1796 tenuto
909 1757 1020 1796 dalla
1044 1756 1207 1796 Maesta
1237 1757 1303 1796 del
1324 1768 1369 1795 re
1392 1770 1471 1796 con
1494 1758 1543 1796 V.
1568 1758 1810 1798 Reverenza

111 1818 218 1856 circa
236 1817 447 1868 l'eriggere
467 1829 525 1855 un
543 1818 766 1856 seminario
793 1817 836 1856 di
855 1817 1000 1868 poveri
1018 1817 1060 1855 in
1079 1817 1384 1863 Transilvania,
1407 1817 1490 1856 Sua
1510 1817 1582 1855 Bne
1601 1818 1655 1855 ha
1675 1818 1810 1857 inteso

111 1877 331 1916 volentieri
363 1877 404 1915 la
438 1877 580 1915 buona
614 1875 873 1916 commodita
906 1877 980 1915 che
1014 1877 1049 1916 si
1083 1874 1241 1915 havera
1292 1889 1366 1927 per
1398 1876 1709 1916 l'abbondanza
1744 1878 1810 1916 del

112 1947 234 1988 paese
263 1941 306 1975 et
336 1949 452 1975 come
482 1936 648 1975 s'habbi
678 1941 863 1975 certezza
893 1936 936 1975 di
966 1935 1142 1987 qualche
1173 1936 1359 1987 maggior
1390 1936 1681 1976 stabilimento
1703 1938 1808 1976 della

59 1996 306 2047 25religione
335 1996 377 2034 in
408 1995 545 2048 quella
574 1996 803 2047 provincia,
841 1996 878 2035 si
906 1993 1079 2047 pigliera
1106 1995 1350 2034 risolutione
1380 1996 1423 2034 di
1452 1996 1557 2034 farlo
1585 2002 1627 2035 et
1656 1997 1691 2035 si
1720 1995 1811 2035 fara

111 2056 154 2094 in
179 2056 276 2106 ogni
301 2055 441 2094 modo.
470 2055 627 2094 L’altro
653 2055 856 2094 desiderio
882 2055 924 2094 di
951 2055 1035 2095 Sua
1061 2053 1224 2093 Maesta
1249 2055 1323 2093 che
1348 2055 1428 2093 nel'
1456 2055 1604 2094 istessa
1629 2055 1808 2094 Transi]-

111 2115 238 2153 vania
261 2112 323 2153 sia
347 2127 404 2153 un
428 2125 608 2153 vescovo
633 2127 706 2165 per
729 2114 899 2153 ordinat
920 2114 1130 2153 sacerdoti
1152 2119 1195 2153 et
1221 2114 1284 2152 far
1307 2114 1404 2153 altri
1428 2114 1555 2152 officii
1574 2115 1807 2160 necessarii,

112 2171 134 2210 ὲ
155 2174 341 2225 piaciuto
363 2173 495 2212 molto
517 2173 598 2211 alla
621 2168 681 2212 Sta
720 2174 816 2220 Sua,
840 2186 910 2211 ma
931 2174 1118 2224 bisogna,
1148 2173 1222 2211 che
1253 2173 1338 2212 Sua
1367 2171 1530 2211 Maesta
1549 2173 1583 2212 si
1606 2174 1809 2224 disponga

112 2244 137 2269 a
163 2233 280 2279 farlo,
308 2233 507 2284 dandogli
533 2233 709 2285 qualche
735 2245 831 2271 cosa
857 2233 965 2271 della
990 2231 1249 2284 grossissima
1274 2237 1442 2270 entrata
1471 2232 1544 2270 che
1565 2230 1633 2283 gia
1652 2245 1722 2270 era
1743 2232 1810 2271 del

61 2306 99 2334 30
111 2297 339 2332 vescovato
356 2293 398 2331 di
414 2292 551 2344 quella
567 2292 783 2342 provincia
797 2296 840 2331 et
855 2292 958 2330 hora
973 2289 996 2328 ὲ
1012 2321 1018 2328 .
1039 2320 1046 2327 .
1065 2320 1073 2328 .
1090 2292 1131 2329 in
1147 2291 1208 2328 tal
1224 2303 1384 2336 caso,se
1401 2291 1484 2330 Sua
1500 2289 1662 2330 Maesta
1676 2291 1810 2330 nomi-

111 2350 212 2390 nera
228 2364 403 2404 persona
424 2364 498 2403 per
518 2351 707 2390 dottrina
726 2355 769 2390 et
790 2349 923 2390 bonta
943 2363 1095 2401 capace
1117 2350 1159 2389 di
1180 2350 1240 2388 tal
1259 2350 1389 2400 grado
1403 2354 1445 2388 et
1458 2350 1702 2396 ministerio,
1725 2350 1809 2389 Sua

113 2412 186 2450 Bne
198 2410 294 2450 sara
308 2416 461 2463 pronta
482 2423 507 2449 a
527 2410 791 2449 confirmarla
808 2424 816 2456 ;
838 2422 907 2448 ma
929 2410 1082 2449 d'altra
1101 2409 1288 2448 maniera
1307 2421 1392 2447 non
1409 2421 1581 2459 sapemo
1595 2407 1674 2460 gia,
1692 2421 1808 2448 come

111 2470 146 2509 si
175 2484 298 2522 possa
325 2471 540 2522 disegnare
567 2470 610 2509 di
635 2469 870 2520 mandargli
894 2469 1019 2507 alcun
1045 2466 1257 2507 vescovo.1

930 2604 1001 2647 68.

61 2722 100 2750 35
579 2706 829 2753 Kolozsvdr,
864 2706 977 2759 1581
1007 2703 1242 2746 deczember
1272 2715 1341 2745 10.

222 2814 267 2852 Ρ.
297 2814 453 2853 Szanto
483 2813 631 2852 Istvan
662 2813 706 2851 P.
737 2811 962 2864 Aquaviva
991 2810 1165 2850 Claudio
1201 2808 1699 2861 jezsuita-generalisnak.

244 2908 421 2948 Tovcibbi
447 2913 628 2961 panasza
651 2906 701 2944 W
704 2908 797 2958 ujek
819 2908 1007 2952 rektorm,
1031 2919 1056 2944 a
1078 2906 1121 2944 ki
1140 2918 1231 2944 nem
1258 2909 1335 2944 tart
1361 2905 1495 2944 rendet
1523 2918 1546 2943 α
1575 2902 1807 2954 Ιεοίῖἑὲίῑιητ-

116 2967 206 3014 ban,
232 2968 278 3006 de
303 2981 327 3006 a
351 2968 614 3020 jobba'gyokat
635 2968 859 3018 bosszantjcz
881 2968 920 3005 ἐς
941 2965 1324 3016 agyondolgoztatja.
1348 2965 1409 3003 ΑΖ
1429 2963 1596 3015 egyha'zi
1619 2962 1810 3013 szolga‘lat

115 3027 224 3065 ircint
245 3028 362 3066 nincs
384 3028 526 3066 semmi
548 3028 691 3073 e'rzfike,
715 3027 772 3065 sb't
795 3024 1135 3077 kegyeletnblkiili‚
1158 3028 1255 3062 mert
1277 3037 1322 3062 az
1343 3023 1567 3075 unnepeket
1588 3035 1679 3060 nem
1701 3035 1808 3060 εκπ-

65 3124 104 3151 40
242 3115 256 3135 1
283 3115 446 3149 Eredeti
475 3115 811 3159 fogalmazvanya
841 3125 864 3148 a
894 3113 1021 3147 romai
1050 3111 1234 3146 vatikani
1263 3111 1429 3145 leveltar
1464 3110 1733 3144 »Nunziatura
1768 3108 1810 3142 di

120 3171 352 3206 Germania«
388 3183 442 3217 13.
472 3174 559 3207 kot.
591 3184 649 3207 21.
679 3173 703 3207 l.
