2188 3535
328 215 377 252 26
1095 191 1170 224 No.
1208 198 1252 234 13
1643 175 1761 220 [1576
1792 170 1891 205 febr.
1923 165 2021 210 eleje

772 330 872 361 mae
893 313 1060 358 adesse,
1084 320 1222 363 quam
1244 301 1395 346 missio
1417 299 1540 342 facta
1561 295 1633 343 sit,
1655 295 1708 335 ut
1728 289 1775 332 in
1795 290 2027 344 posterum

343 331 679 389 procuratorem
699 322 769 364 Ro

803 399 893 429 ora.
937 381 983 424 Si
1022 383 1190 425 autem,
1232 372 1355 430 quod
1393 367 1576 413 omnino
1616 371 1861 420 speramus,
1905 353 2029 411 prius

344 402 532 445 tollatur
571 391 716 438 omnis
755 403 800 431 m

345 470 498 516 missio
522 467 644 509 facta
666 461 725 503 sit
747 459 794 500 in
815 448 1206 507 Transylvaniam,
1237 457 1376 501 quam
1396 444 1527 497 pater
1548 435 1812 493 procurator
1835 429 2032 470 Romam

345 535 614 599 pervenerit,
641 525 931 574 nihilominus
956 534 1026 563 res
1050 518 1111 562 ad
1135 531 1236 560 eam
1261 512 1519 558 missionem
1547 504 1824 564 pertinentes
1849 495 2032 551 diligen-

348 618 418 654 ter
446 603 799 665 promoveantur
828 599 874 638 et
905 590 1092 636 feliciter
1121 585 1423 645 perficiantur.
2066 572 2083 599 5

476 673 694 720 Rationes
746 659 1152 710 commendationis
1205 659 1311 699 sunt
1367 657 1459 695 tres
1514 645 1814 705 potissimum.
1869 635 2034 681 Prima.

349 751 541 804 Propter
559 753 777 797 magnum
797 737 997 778 fructum
1017 728 1312 787 spiritualem,
1335 723 1412 780 qui
1432 735 1489 764 ex
1508 733 1561 762 ea
1581 718 1800 773 speratur.
1818 705 2037 752 Secunda.

352 819 470 876 Quia
492 816 584 858 iam
606 813 783 855 cessant
805 803 1146 862 impedimenta,
1171 810 1288 855 quae
1311 794 1434 852 prius
1457 791 1650 833 fuerant.
1667 782 1834 828 Tertia.
1851 780 2043 833 Propter

349 890 461 934 alias
495 883 718 946 quasdam
752 872 1128 922 circumstantias.

1068 988 1135 1029 De
1168 985 1326 1039 fructu.
2063 977 2096 1004 ιο
2156 966 2161 998 ἐ

484 1098 675 1152 Magnus
708 1091 883 1134 fructus
916 1088 1125 1143 speratur
1157 1082 1343 1138 propter
1374 1068 1736 1129 magnitudinem
1770 1055 2051 1106 necessitatis

357 1176 405 1215 et
436 1162 776 1225 expectationis.

1079 1222 1337 1268 Necessitas.

491 1331 658 1385 Magna
689 1330 758 1369 est
790 1321 1033 1367 necessitas
1065 1314 1372 1374 operariorum
1404 1310 1451 1352 in
1482 1306 1569 1349 illis
1599 1301 1721 1346 locis.
1761 1299 1817 1343 In
1847 1289 2058 1347 Transyl-

366 1402 504 1448 vania
531 1399 651 1443 enirn
677 1410 796 1439 unus
823 1397 1007 1438 tantum
1034 1393 1102 1432 est
1131 1383 1405 1443 episcopus‚1
1427 1382 1534 1423 ante
1564 1374 1733 1419 multos
1762 1380 1904 1412 annos
1931 1377 1960 1407 a
1985 1361 2059 1404 de-
2077 1376 2109 1405 ιε»

370 1476 527 1517 functo
549 1468 746 1513 vaivoda
761 1468 778 1493 2
799 1465 980 1512 eiectus,
1005 1460 1084 1517 qui
1104 1472 1196 1501 non
1216 1458 1424 1512 speratur
1458 1449 1518 1493 ad
1544 1460 1644 1490 eam
1670 1441 1910 1486 rediturus,
1939 1431 2064 1491 quod

371 1545 432 1589 sit
465 1540 716 1586 contrariae
750 1534 958 1580 factionis
992 1536 1037 1574 et
1067 1528 1232 1573 aetatis
1262 1521 1527 1578 decrepitae.

504 1611 768 1656 Sacerdotes
791 1612 836 1649 et
858 1601 1048 1660 religiosi
1073 1600 1151 1643 vix
1176 1597 1240 1640 ibi
1263 1593 1560 1652 reperiuntur,
1587 1585 1672 1630 nisi
1697 1582 1775 1640 qui
1800 1595 1827 1624 a
1850 1575 2067 1622 moderno

376 1683 576 1730 vaivoda
592 1683 609 1708 ³
635 1681 739 1723 illuc
767 1676 935 1720 fuerint
962 1669 1166 1716 accersiti
1184 1683 1192 1720 ;
1223 1666 1301 1724 qui
1328 1678 1435 1708 vero
1457 1658 1754 1717 reperiuntur,
1777 1652 1844 1694 ita
1864 1649 1920 1691 de
1939 1642 2070 1689 bonis

376 1755 578 1802 moribus
628 1748 1018 1794 commendantur,
1070 1747 1123 1784 ut
1174 1744 1329 1782 tamen
1378 1736 1563 1791 propter
1611 1722 1887 1782 imperitiam
1941 1727 2119 1759 suarnao
2168 1731 2170 1734 ·

379 1827 745 1871 contemnantur,
785 1818 891 1876 quia
926 1814 1134 1858 nesciunt
1169 1806 1420 1853 haereticos
1455 1802 1733 1855 redarguere.
1774 1794 1836 1836 Et
1873 1798 2073 1833 commu-

379 1898 499 1942 niter
537 1893 705 1950 oppida
742 1887 933 1946 regionis
971 1884 1147 1928 nullum
1183 1880 1358 1923 habent
1398 1872 1679 1918 sacerdotem
1717 1861 1992 1909 catholicum
2029 1859 2076 1898 et

382 1967 531 2013 multa
560 1965 699 2007 etiarn
726 1976 782 2005 ne
810 1958 1068 2003 ministrum
1096 1952 1280 2010 quidem
1308 1951 1389 1992 aut
1416 1942 1755 2002 praedicantem
1783 1929 2075 1977 haereticum.

385 2039 477 2083 Sed
504 2039 692 2080 manent
720 2033 821 2075 illae
850 2029 1027 2073 animae
1057 2022 1185 2081 quasi
1213 2033 1321 2064 oves
1341 2031 1433 2061 non
1453 2015 1674 2058 habentes
1693 2010 1934 2064 pastorem.
1960 1998 2079 2042 Hinc
2176 1993 2188 2091 ¹

385 2111 452 2159 fit,
478 2112 531 2150 ut
556 2109 776 2162 cogantur
798 2113 960 2144 vocare
994 2101 1040 2140 et
1077 2094 1271 2149 recipere
1308 2086 1565 2146 peregrinos
1601 2078 1857 2124 sacerdotes
1879 2071 1952 2116 vel
1977 2081 2128 2112 con-25
2172 2067 2188 2119 ’,-

386 2181 655 2223 cionatores.
705 2172 917 2217 Protinus
960 2166 1178 2211 advolant
1222 2158 1436 2204 haeretici
1480 2170 1536 2198 ex
1581 2149 1768 2196 diversis
1805 2141 2080 2189 nationibus,
2182 2129 2188 2147 ³

389 2248 640 2294 catholicus
668 2259 760 2288 non
791 2243 1036 2297 comparet.
1069 2238 1130 2279 Et
1161 2232 1371 2277 novimus
1399 2229 1543 2271 bonos
1573 2221 1796 2280 quosdam
1825 2211 2083 2259 catholicos,
2182 2171 2188 2260 l

389 2321 510 2365 nolle
552 2318 656 2360 illuc
686 2316 763 2365 ire,
797 2313 834 2356 si
864 2310 1065 2354 Societas
1097 2320 1189 2349 non
1221 2307 1308 2346 eat.
1345 2298 1569 2344 Dominus
1598 2291 1760 2348 aliquis
1787 2289 1903 2331 bene
1932 2282 2086 2326 catho-

390 2393 516 2441 licus,
552 2390 611 2432 ob
646 2385 883 2444 penuriam
926 2376 1136 2424 catholici
1178 2370 1423 2418 sacerdotis
1467 2366 1632 2410 dicitur
1659 2362 1826 2405 habere
1855 2353 2087 2400 conciona-
2183 2335 2188 2372 ἶ

393 2468 540 2505 torem
568 2457 862 2504 haereticum,
894 2465 1030 2510 quem
1053 2454 1209 2491 tamen
1231 2442 1440 2501 prohibet
1464 2435 1636 2493 aliquid
1657 2433 1815 2479 dicere,
1842 2425 1965 2484 quod
1985 2424 2139 2466 hae-ao
2168 2400 2188 2487 Ξ

394 2532 529 2577 resim
553 2529 701 2586 sapiat
732 2532 812 2570 aut
843 2538 936 2568 non
965 2522 1024 2564 sit
1051 2520 1099 2562 in
1125 2513 1387 2570 Evangelio.
1417 2512 1609 2564 Propter
1633 2506 1751 2547 hanc
1778 2496 2093 2544 necessitatem
2183 2490 2188 2538 1

397 2601 670 2646 fructuosior
697 2598 781 2641 erit
807 2597 936 2640 labor
962 2588 1212 2636 Societatis.
2159 2620 2164 2712 ὖ

2159 2716 2164 2743 r

2159 2187 2188 2293 ἓ.

2159 2288 2188 2403 ξῐ

1116 2702 1382 2760 Expectatio.

536 2814 637 2856 Iam
659 2810 780 2852 ultra
803 2810 1001 2864 quatuor
1024 2814 1168 2845 annos
1191 2798 1459 2853 expectatur
1491 2788 1690 2833 Societas
1713 2785 1760 2827 in
1782 2782 1868 2825 illis
1895 2776 2101 2837 partibus

406 2890 452 2928 et
488 2895 654 2938 magna
687 2884 755 2922 est
790 2878 914 2920 fama
946 2876 1001 2918 de
1029 2875 1288 2916 nostrorum
1323 2864 1537 2910 adventu,
1575 2858 1740 2916 quibus
1774 2848 2148 2911 praesentibus,35
2183 2878 2188 2885 .

539 2987 549 3005 ¹
579 2982 614 3015 A
645 2975 1007 3024 Magyarorszagon
1039 2971 1100 3006 elo
1141 2966 1286 3003 immar
1322 2966 1414 3008 &reg
1447 2958 1703 2996 Bornemisza
1737 2948 2000 2998 (Abstemius)
2034 2942 2110 2979 Pal
2184 2967 2188 2976 ,

406 3041 562 3087 erdelyi
586 3038 754 3085 piispok.

539 3101 554 3122 ²
584 3099 707 3146 Janos
737 3094 950 3141 Zsigmond
977 3090 1198 3137 fejedelem.

542 3158 557 3180 ³
584 3157 674 3202 Meg
702 3154 853 3198 mindig
880 3151 1064 3195 Bathory
1092 3144 1235 3181 Istvan
1262 3139 1470 3188 fejedelem
