<?xml version="1.0" encoding="UTF-8"?>
<!DOCTYPE html PUBLIC "-//W3C//DTD XHTML 1.0 Transitional//EN"
    "http://www.w3.org/TR/xhtml1/DTD/xhtml1-transitional.dtd">
<html xmlns="http://www.w3.org/1999/xhtml" xml:lang="en" lang="en">
 <head>
  <title>
</title>
<meta http-equiv="Content-Type" content="text/html;charset=utf-8" />
  <meta name='ocr-system' content='tesseract 3.04.00' />
  <meta name='ocr-capabilities' content='ocr_page ocr_carea ocr_par ocr_line ocrx_word'/>
</head>
<body>
  <div class='ocr_page' id='page_1' title='image "./epistolaeetactaj01vereuoft_0089.png"; bbox 0 0 2188 3535; ppageno 0'>
   <div class='ocr_carea' id='block_1_1' title="bbox 3 1116 7 1461">
    <p class='ocr_par' dir='ltr' id='par_1_1' title="bbox 3 1116 7 1461">
     <span class='ocr_line' id='line_1_1' title="bbox 4 1116 7 1134; baseline 0 0"><span class='ocrx_word' id='word_1_1' title='bbox 4 1116 7 1134; x_wconf 68' lang='grc' dir='ltr'><strong>ι</strong></span> 
     </span>
     <span class='ocr_line' id='line_1_2' title="bbox 4 1182 7 1253; baseline 0 0"><span class='ocrx_word' id='word_1_2' title='bbox 4 1182 7 1253; x_wconf 71' lang='grc' dir='ltr'><strong><em>Ε</em></strong></span> 
     </span>
     <span class='ocr_line' id='line_1_3' title="bbox 3 1284 7 1330; baseline 0 0"><span class='ocrx_word' id='word_1_3' title='bbox 3 1284 7 1330; x_wconf 75' lang='lat'><em>}</em></span> 
     </span>
     <span class='ocr_line' id='line_1_4' title="bbox 3 1351 7 1420; baseline 0 0"><span class='ocrx_word' id='word_1_4' title='bbox 3 1351 7 1420; x_wconf 73' lang='grc' dir='ltr'>Ι</span> 
     </span>
     <span class='ocr_line' id='line_1_5' title="bbox 3 1432 6 1461; baseline 0 0"><span class='ocrx_word' id='word_1_5' title='bbox 3 1432 6 1461; x_wconf 74' lang='grc' dir='ltr'>Ι</span> 
     </span>
    </p>
   </div>
   <div class='ocr_carea' id='block_1_2' title="bbox 0 1620 6 2721">
    <p class='ocr_par' dir='ltr' id='par_1_2' title="bbox 0 1620 6 2721">
     <span class='ocr_line' id='line_1_6' title="bbox 2 1620 6 1831; baseline 0 -64"><span class='ocrx_word' id='word_1_6' title='bbox 2 1620 6 1831; x_wconf 64' lang='lat' dir='ltr'><strong><em>g</em></strong></span> 
     </span>
     <span class='ocr_line' id='line_1_7' title="bbox 0 2089 5 2347; baseline 0 -123"><span class='ocrx_word' id='word_1_7' title='bbox 0 2089 5 2347; x_wconf 63' lang='lat'>3</span> 
     </span>
     <span class='ocr_line' id='line_1_8' title="bbox 0 2389 4 2464; baseline 0 0"><span class='ocrx_word' id='word_1_8' title='bbox 0 2389 4 2464; x_wconf 63' lang='lat' dir='ltr'>l</span> 
     </span>
     <span class='ocr_line' id='line_1_9' title="bbox 0 2597 3 2721; baseline 0 0"><span class='ocrx_word' id='word_1_9' title='bbox 0 2597 3 2721; x_wconf 82' lang='grc' dir='ltr'>Ι</span> 
     </span>
    </p>
   </div>
   <div class='ocr_carea' id='block_1_3' title="bbox 0 2870 6 3494">
    <p class='ocr_par' dir='ltr' id='par_1_3' title="bbox 0 2870 6 3494">
     <span class='ocr_line' id='line_1_10' title="bbox 0 2870 6 3494; baseline 0 0"><span class='ocrx_word' id='word_1_10' title='bbox 0 2870 6 3494; x_wconf 95' lang='lat' dir='ltr'> </span> 
     </span>
    </p>
   </div>
   <div class='ocr_carea' id='block_1_4' title="bbox 106 212 1790 281">
    <p class='ocr_par' dir='ltr' id='par_1_4' title="bbox 106 212 1790 281">
     <span class='ocr_line' id='line_1_11' title="bbox 106 212 1790 281; baseline -0.002 -35"><span class='ocrx_word' id='word_1_11' title='bbox 106 213 199 257; x_wconf 87' lang='lat'><em>1576</em></span> <span class='ocrx_word' id='word_1_12' title='bbox 224 212 345 256; x_wconf 86' lang='lat' dir='ltr'>szept.</span> <span class='ocrx_word' id='word_1_13' title='bbox 374 214 435 257; x_wconf 84' lang='lat'>13]</span> <span class='ocrx_word' id='word_1_14' title='bbox 870 218 944 252; x_wconf 65' lang='grc' dir='ltr'>ΝΟ,</span> <span class='ocrx_word' id='word_1_15' title='bbox 978 230 1021 265; x_wconf 84' lang='lat'>14</span> <span class='ocrx_word' id='word_1_16' title='bbox 1751 245 1790 281; x_wconf 67' lang='lat'>51</span> 
     </span>
    </p>
   </div>
   <div class='ocr_carea' id='block_1_5' title="bbox 41 323 1788 1312">
    <p class='ocr_par' dir='ltr' id='par_1_5' title="bbox 41 323 1788 1312">
     <span class='ocr_line' id='line_1_12' title="bbox 101 323 1788 402; baseline 0.015 -34"><span class='ocrx_word' id='word_1_17' title='bbox 101 323 183 369; x_wconf 74' lang='lat' dir='ltr'>Mtis</span> <span class='ocrx_word' id='word_1_18' title='bbox 212 333 278 370; x_wconf 91' lang='lat' dir='ltr'>est</span> <span class='ocrx_word' id='word_1_19' title='bbox 301 329 550 384; x_wconf 90' lang='lat' dir='ltr'>providere,</span> <span class='ocrx_word' id='word_1_20' title='bbox 591 332 838 387; x_wconf 78' lang='lat' dir='ltr'>sapientiae</span> <span class='ocrx_word' id='word_1_21' title='bbox 862 337 1153 383; x_wconf 88' lang='lat' dir='ltr'>considerare.</span> <span class='ocrx_word' id='word_1_22' title='bbox 1182 343 1283 385; x_wconf 89' lang='lat' dir='ltr'>Non</span> <span class='ocrx_word' id='word_1_23' title='bbox 1307 358 1438 400; x_wconf 90' lang='lat' dir='ltr'>agam</span> <span class='ocrx_word' id='word_1_24' title='bbox 1461 347 1666 402; x_wconf 89' lang='lat' dir='ltr'>pluribus</span> <span class='ocrx_word' id='word_1_25' title='bbox 1689 365 1788 393; x_wconf 90' lang='lat' dir='ltr'>ver-</span> 
     </span>
     <span class='ocr_line' id='line_1_13' title="bbox 101 398 1786 476; baseline 0.015 -37"><span class='ocrx_word' id='word_1_26' title='bbox 101 398 165 440; x_wconf 86' lang='lat' dir='ltr'>bis</span> <span class='ocrx_word' id='word_1_27' title='bbox 190 399 244 440; x_wconf 92' lang='lat' dir='ltr'>de</span> <span class='ocrx_word' id='word_1_28' title='bbox 269 413 315 441; x_wconf 92' lang='lat' dir='ltr'>re</span> <span class='ocrx_word' id='word_1_29' title='bbox 341 403 438 442; x_wconf 91' lang='lat' dir='ltr'>tam</span> <span class='ocrx_word' id='word_1_30' title='bbox 463 400 551 456; x_wconf 89' lang='lat' dir='ltr'>pia,</span> <span class='ocrx_word' id='word_1_31' title='bbox 594 402 786 447; x_wconf 89' lang='lat' dir='ltr'>honesta</span> <span class='ocrx_word' id='word_1_32' title='bbox 811 410 855 447; x_wconf 90' lang='lat' dir='ltr'>et</span> <span class='ocrx_word' id='word_1_33' title='bbox 883 407 1082 459; x_wconf 89' lang='lat' dir='ltr'>salutari,</span> <span class='ocrx_word' id='word_1_34' title='bbox 1111 425 1249 466; x_wconf 91' lang='lat' dir='ltr'>quam</span> <span class='ocrx_word' id='word_1_35' title='bbox 1276 414 1366 458; x_wconf 91' lang='lat' dir='ltr'>scio</span> <span class='ocrx_word' id='word_1_36' title='bbox 1391 417 1514 460; x_wconf 90' lang='lat' dir='ltr'>Tuae</span> <span class='ocrx_word' id='word_1_37' title='bbox 1540 415 1610 462; x_wconf 84' lang='lat' dir='ltr'>Mti</span> <span class='ocrx_word' id='word_1_38' title='bbox 1635 435 1715 476; x_wconf 91' lang='lat' dir='ltr'>per</span> <span class='ocrx_word' id='word_1_39' title='bbox 1740 437 1786 465; x_wconf 88' lang='lat' dir='ltr'>se</span> 
     </span>
     <span class='ocr_line' id='line_1_14' title="bbox 97 468 1784 545; baseline 0.016 -36"><span class='ocrx_word' id='word_1_40' title='bbox 97 468 205 511; x_wconf 86' lang='lat' dir='ltr'>satis</span> <span class='ocrx_word' id='word_1_41' title='bbox 229 483 323 512; x_wconf 87' lang='lat' dir='ltr'>esse</span> <span class='ocrx_word' id='word_1_42' title='bbox 347 472 728 523; x_wconf 86' lang='lat' dir='ltr'>commendatam,</span> <span class='ocrx_word' id='word_1_43' title='bbox 771 489 827 517; x_wconf 92' lang='lat' dir='ltr'>ne</span> <span class='ocrx_word' id='word_1_44' title='bbox 851 477 922 518; x_wconf 90' lang='lat' dir='ltr'>vel</span> <span class='ocrx_word' id='word_1_45' title='bbox 946 478 1086 522; x_wconf 91' lang='lat' dir='ltr'>nimia</span> <span class='ocrx_word' id='word_1_46' title='bbox 1108 483 1370 537; x_wconf 81' lang='lat' dir='ltr'>prolixitate</span> <span class='ocrx_word' id='word_1_47' title='bbox 1394 489 1610 533; x_wconf 88' lang='lat' dir='ltr'>molestus</span> <span class='ocrx_word' id='word_1_48' title='bbox 1635 491 1784 545; x_wconf 85' lang='lat' dir='ltr'>fuisse,</span> 
     </span>
     <span class='ocr_line' id='line_1_15' title="bbox 93 539 1786 614; baseline 0.016 -34"><span class='ocrx_word' id='word_1_49' title='bbox 93 540 163 581; x_wconf 89' lang='lat' dir='ltr'>vel</span> <span class='ocrx_word' id='word_1_50' title='bbox 190 539 244 582; x_wconf 89' lang='lat' dir='ltr'>de</span> <span class='ocrx_word' id='word_1_51' title='bbox 270 540 394 584; x_wconf 83' lang='lat' dir='ltr'>Tuae</span> <span class='ocrx_word' id='word_1_52' title='bbox 421 555 526 597; x_wconf 88' lang='lat' dir='ltr'>erga</span> <span class='ocrx_word' id='word_1_53' title='bbox 568 557 650 586; x_wconf 93' lang='lat' dir='ltr'>nos</span> <span class='ocrx_word' id='word_1_54' title='bbox 678 540 763 586; x_wconf 80' lang='lat' dir='ltr'>Mtis</span> <span class='ocrx_word' id='word_1_55' title='bbox 799 547 1115 594; x_wconf 77' lang='lat' dir='ltr'>benevolentia</span> <span class='ocrx_word' id='word_1_56' title='bbox 1142 558 1185 594; x_wconf 88' lang='lat' dir='ltr'>et</span> <span class='ocrx_word' id='word_1_57' title='bbox 1214 569 1318 610; x_wconf 91' lang='lat' dir='ltr'>erga</span> <span class='ocrx_word' id='word_1_58' title='bbox 1344 558 1601 614; x_wconf 84' lang='lat' dir='ltr'>religionem</span> <span class='ocrx_word' id='word_1_59' title='bbox 1629 564 1786 606; x_wconf 90' lang='lat' dir='ltr'>catho-</span> 
     </span>
     <span class='ocr_line' id='line_1_16' title="bbox 46 609 1784 684; baseline 0.016 -34"><span class='ocrx_word' id='word_1_60' title='bbox 46 619 63 648; x_wconf 89' lang='lat'>5</span> <span class='ocrx_word' id='word_1_61' title='bbox 95 609 220 652; x_wconf 85' lang='lat' dir='ltr'>licam</span> <span class='ocrx_word' id='word_1_62' title='bbox 245 610 432 666; x_wconf 90' lang='lat' dir='ltr'>pietate,</span> <span class='ocrx_word' id='word_1_63' title='bbox 460 627 623 668; x_wconf 90' lang='lat' dir='ltr'>parum</span> <span class='ocrx_word' id='word_1_64' title='bbox 648 615 892 659; x_wconf 87' lang='lat' dir='ltr'>liberaliter</span> <span class='ocrx_word' id='word_1_65' title='bbox 917 620 1103 664; x_wconf 81' lang='lat' dir='ltr'>sensisse</span> <span class='ocrx_word' id='word_1_66' title='bbox 1129 623 1296 668; x_wconf 89' lang='lat' dir='ltr'>videar.</span> <span class='ocrx_word' id='word_1_67' title='bbox 1327 627 1594 684; x_wconf 88' lang='lat' dir='ltr'>Scripsimus</span> <span class='ocrx_word' id='word_1_68' title='bbox 1620 633 1674 676; x_wconf 91' lang='lat' dir='ltr'>de</span> <span class='ocrx_word' id='word_1_69' title='bbox 1700 635 1784 678; x_wconf 87' lang='lat' dir='ltr'>hoc</span> 
     </span>
     <span class='ocr_line' id='line_1_17' title="bbox 91 682 1783 749; baseline 0.017 -28"><span class='ocrx_word' id='word_1_70' title='bbox 91 685 241 723; x_wconf 89' lang='lat' dir='ltr'>nostro</span> <span class='ocrx_word' id='word_1_71' title='bbox 269 682 451 737; x_wconf 89' lang='lat' dir='ltr'>negotio</span> <span class='ocrx_word' id='word_1_72' title='bbox 479 683 838 740; x_wconf 87' lang='lat' dir='ltr'>Transylvanico</span> <span class='ocrx_word' id='word_1_73' title='bbox 867 693 911 730; x_wconf 92' lang='lat' dir='ltr'>et</span> <span class='ocrx_word' id='word_1_74' title='bbox 942 691 1001 732; x_wconf 91' lang='lat' dir='ltr'>ad</span> <span class='ocrx_word' id='word_1_75' title='bbox 1029 688 1114 734; x_wconf 74' lang='lat' dir='ltr'>Mtis</span> <span class='ocrx_word' id='word_1_76' title='bbox 1151 694 1274 738; x_wconf 83' lang='lat' dir='ltr'>Tuae</span> <span class='ocrx_word' id='word_1_77' title='bbox 1316 697 1502 743; x_wconf 80' lang='lat' dir='ltr'>fratrem</span> <span class='ocrx_word' id='word_1_78' title='bbox 1548 702 1783 749; x_wconf 91' lang='lat' dir='ltr'>dominum</span> 
     </span>
     <span class='ocr_line' id='line_1_18' title="bbox 90 751 1780 827; baseline 0.015 -33"><span class='ocrx_word' id='word_1_79' title='bbox 90 751 460 807; x_wconf 88' lang='lat' dir='ltr'>Christophorum</span> <span class='ocrx_word' id='word_1_80' title='bbox 502 755 773 800; x_wconf 89' lang='lat' dir='ltr'>Bathorium</span> <span class='ocrx_word' id='word_1_81' title='bbox 818 759 954 800; x_wconf 80' lang='lat' dir='ltr'>Illmum</span> <span class='ocrx_word' id='word_1_82' title='bbox 997 762 1246 820; x_wconf 88' lang='lat' dir='ltr'>principem</span> <span class='ocrx_word' id='word_1_83' title='bbox 1290 768 1657 826; x_wconf 87' lang='lat' dir='ltr'>Transylvaniae,</span> <span class='ocrx_word' id='word_1_84' title='bbox 1695 777 1780 827; x_wconf 91' lang='lat' dir='ltr'>cui,</span> 
     </span>
     <span class='ocr_line' id='line_1_19' title="bbox 90 822 1783 890; baseline 0.016 -27"><span class='ocrx_word' id='word_1_85' title='bbox 90 825 138 863; x_wconf 87' lang='lat' dir='ltr'>ut</span> <span class='ocrx_word' id='word_1_86' title='bbox 158 822 256 865; x_wconf 87' lang='lat' dir='ltr'>Tua</span> <span class='ocrx_word' id='word_1_87' title='bbox 275 823 491 868; x_wconf 77' lang='lat' dir='ltr'>Maiestas</span> <span class='ocrx_word' id='word_1_88' title='bbox 513 840 595 868; x_wconf 93' lang='lat' dir='ltr'>nos</span> <span class='ocrx_word' id='word_1_89' title='bbox 616 832 661 868; x_wconf 88' lang='lat' dir='ltr'>et</span> <span class='ocrx_word' id='word_1_90' title='bbox 682 829 914 884; x_wconf 81' lang='lat' dir='ltr'>negotium</span> <span class='ocrx_word' id='word_1_91' title='bbox 940 837 1145 877; x_wconf 90' lang='lat' dir='ltr'>nostrum</span> <span class='ocrx_word' id='word_1_92' title='bbox 1167 840 1466 890; x_wconf 87' lang='lat' dir='ltr'>commendet,</span> <span class='ocrx_word' id='word_1_93' title='bbox 1490 844 1783 890; x_wconf 88' lang='lat' dir='ltr'>vehementer</span> 
     </span>
     <span class='ocr_line' id='line_1_20' title="bbox 85 894 1780 967; baseline 0.016 -34"><span class='ocrx_word' id='word_1_94' title='bbox 85 906 305 948; x_wconf 76' lang='lat' dir='ltr'>rogamus,</span> <span class='ocrx_word' id='word_1_95' title='bbox 346 894 502 938; x_wconf 91' lang='lat' dir='ltr'>Servet</span> <span class='ocrx_word' id='word_1_96' title='bbox 560 898 683 940; x_wconf 90' lang='lat' dir='ltr'>Deus</span> <span class='ocrx_word' id='word_1_97' title='bbox 720 900 920 954; x_wconf 89' lang='lat' dir='ltr'>optimus</span> <span class='ocrx_word' id='word_1_98' title='bbox 957 904 1183 948; x_wconf 85' lang='lat' dir='ltr'>maximus</span> <span class='ocrx_word' id='word_1_99' title='bbox 1233 908 1378 952; x_wconf 90' lang='lat' dir='ltr'>Tuam</span> <span class='ocrx_word' id='word_1_100' title='bbox 1415 911 1523 954; x_wconf 71' lang='lat' dir='ltr'>Mtem</span> <span class='ocrx_word' id='word_1_101' title='bbox 1568 915 1698 958; x_wconf 92' lang='lat' dir='ltr'>nobis</span> <span class='ocrx_word' id='word_1_102' title='bbox 1718 922 1780 967; x_wconf 61' lang='lat' dir='ltr'>&gt;et</span> 
     </span>
     <span class='ocr_line' id='line_1_21' title="bbox 41 963 1779 1039; baseline 0.016 -37"><span class='ocrx_word' id='word_1_103' title='bbox 41 975 73 1002; x_wconf 84' lang='grc' dir='ltr'>ιο</span> <span class='ocrx_word' id='word_1_104' title='bbox 87 963 293 1006; x_wconf 89' lang='lat' dir='ltr'>ecclesiae</span> <span class='ocrx_word' id='word_1_105' title='bbox 325 978 431 1008; x_wconf 91' lang='lat' dir='ltr'>suae</span> <span class='ocrx_word' id='word_1_106' title='bbox 463 966 714 1011; x_wconf 89' lang='lat' dir='ltr'>diutissime</span> <span class='ocrx_word' id='word_1_107' title='bbox 744 970 1029 1016; x_wconf 91' lang='lat' dir='ltr'>incolumem.</span> <span class='ocrx_word' id='word_1_108' title='bbox 1055 976 1135 1018; x_wconf 89' lang='lat' dir='ltr'>Vel</span> <span class='ocrx_word' id='word_1_109' title='bbox 1157 982 1209 1019; x_wconf 93' lang='lat' dir='ltr'>ut</span> <span class='ocrx_word' id='word_1_110' title='bbox 1232 978 1404 1035; x_wconf 89' lang='lat' dir='ltr'>aliquid</span> <span class='ocrx_word' id='word_1_111' title='bbox 1434 984 1626 1039; x_wconf 88' lang='lat' dir='ltr'>amplius</span> <span class='ocrx_word' id='word_1_112' title='bbox 1656 987 1779 1031; x_wconf 84' lang='lat' dir='ltr'>Tuae</span> 
     </span>
     <span class='ocr_line' id='line_1_22' title="bbox 84 1029 1778 1113; baseline 0.015 -38"><span class='ocrx_word' id='word_1_113' title='bbox 84 1029 152 1076; x_wconf 80' lang='lat' dir='ltr'>Mti</span> <span class='ocrx_word' id='word_1_114' title='bbox 185 1039 354 1089; x_wconf 87' lang='lat' dir='ltr'>optem,</span> <span class='ocrx_word' id='word_1_115' title='bbox 406 1037 555 1080; x_wconf 90' lang='lat' dir='ltr'>dicam</span> <span class='ocrx_word' id='word_1_116' title='bbox 596 1040 777 1083; x_wconf 91' lang='lat' dir='ltr'>nomine</span> <span class='ocrx_word' id='word_1_117' title='bbox 812 1043 1017 1087; x_wconf 89' lang='lat' dir='ltr'>omnium</span> <span class='ocrx_word' id='word_1_118' title='bbox 1065 1047 1402 1100; x_wconf 91' lang='lat' dir='ltr'>catholicorum,</span> <span class='ocrx_word' id='word_1_119' title='bbox 1439 1052 1550 1096; x_wconf 90' lang='lat' dir='ltr'>illud</span> <span class='ocrx_word' id='word_1_120' title='bbox 1596 1070 1778 1113; x_wconf 88' lang='lat' dir='ltr'>quoque</span> 
     </span>
     <span class='ocr_line' id='line_1_23' title="bbox 82 1106 1774 1170; baseline 0.015 -25"><span class='ocrx_word' id='word_1_121' title='bbox 82 1106 319 1161; x_wconf 89' lang='lat' dir='ltr'>populares</span> <span class='ocrx_word' id='word_1_122' title='bbox 358 1107 443 1149; x_wconf 92' lang='lat' dir='ltr'>viri</span> <span class='ocrx_word' id='word_1_123' title='bbox 479 1108 526 1150; x_wconf 89' lang='lat' dir='ltr'>in</span> <span class='ocrx_word' id='word_1_124' title='bbox 549 1111 916 1155; x_wconf 84' lang='lat' dir='ltr'>coronationibus</span> <span class='ocrx_word' id='word_1_125' title='bbox 952 1129 1107 1170; x_wconf 89' lang='lat' dir='ltr'>regum</span> <span class='ocrx_word' id='word_1_126' title='bbox 1145 1119 1393 1163; x_wconf 90' lang='lat' dir='ltr'>acclamare</span> <span class='ocrx_word' id='word_1_127' title='bbox 1417 1133 1774 1170; x_wconf 88' lang='lat' dir='ltr'>consueverunt:</span> 
     </span>
     <span class='ocr_line' id='line_1_24' title="bbox 83 1175 1773 1248; baseline 0.014 -31"><span class='ocrx_word' id='word_1_128' title='bbox 83 1175 233 1225; x_wconf 83' lang='lat' dir='ltr'>Vivat,</span> <span class='ocrx_word' id='word_1_129' title='bbox 267 1177 411 1227; x_wconf 89' lang='lat' dir='ltr'>vivat,</span> <span class='ocrx_word' id='word_1_130' title='bbox 445 1179 604 1231; x_wconf 84' lang='lat' dir='ltr'>vivat;</span> <span class='ocrx_word' id='word_1_131' title='bbox 638 1182 860 1225; x_wconf 89' lang='lat' dir='ltr'>Dominus</span> <span class='ocrx_word' id='word_1_132' title='bbox 891 1184 1148 1241; x_wconf 81' lang='lat' dir='ltr'>Stephanus</span> <span class='ocrx_word' id='word_1_133' title='bbox 1178 1189 1424 1234; x_wconf 87' lang='lat' dir='ltr'>Bathorius</span> <span class='ocrx_word' id='word_1_134' title='bbox 1454 1193 1596 1244; x_wconf 89' lang='lat' dir='ltr'>vivat,</span> <span class='ocrx_word' id='word_1_135' title='bbox 1630 1197 1773 1248; x_wconf 84' lang='lat' dir='ltr'>vivat,</span> 
     </span>
     <span class='ocr_line' id='line_1_25' title="bbox 81 1246 1772 1312; baseline 0.014 -25"><span class='ocrx_word' id='word_1_136' title='bbox 81 1246 237 1297; x_wconf 87' lang='lat' dir='ltr'>vivat;</span> <span class='ocrx_word' id='word_1_137' title='bbox 277 1248 601 1293; x_wconf 89' lang='lat' dir='ltr'>invictissimus</span> <span class='ocrx_word' id='word_1_138' title='bbox 637 1267 715 1295; x_wconf 84' lang='lat' dir='ltr'>rex</span> <span class='ocrx_word' id='word_1_139' title='bbox 753 1253 965 1297; x_wconf 91' lang='lat' dir='ltr'>Poloniae</span> <span class='ocrx_word' id='word_1_140' title='bbox 1002 1257 1144 1307; x_wconf 84' lang='lat' dir='ltr'>vivat,</span> <span class='ocrx_word' id='word_1_141' title='bbox 1184 1259 1327 1310; x_wconf 89' lang='lat' dir='ltr'>vivat,</span> <span class='ocrx_word' id='word_1_142' title='bbox 1367 1262 1496 1306; x_wconf 90' lang='lat' dir='ltr'>vivat</span> <span class='ocrx_word' id='word_1_143' title='bbox 1535 1266 1594 1308; x_wconf 88' lang='lat' dir='ltr'>ad</span> <span class='ocrx_word' id='word_1_144' title='bbox 1630 1282 1772 1312; x_wconf 92' lang='lat' dir='ltr'>annos</span> 
     </span>
    </p>
   </div>
   <div class='ocr_carea' id='block_1_6' title="bbox 4 1317 1773 1382">
    <p class='ocr_par' dir='ltr' id='par_1_6' title="bbox 4 1317 1773 1382">
     <span class='ocr_line' id='line_1_26' title="bbox 4 1317 1773 1382; baseline 0.014 -24"><span class='ocrx_word' id='word_1_145' title='bbox 4 1325 67 1352; x_wconf 86' lang='lat'>·15</span> <span class='ocrx_word' id='word_1_146' title='bbox 80 1317 331 1367; x_wconf 88' lang='lat' dir='ltr'>Nestoreos,</span> <span class='ocrx_word' id='word_1_147' title='bbox 379 1320 438 1362; x_wconf 91' lang='lat' dir='ltr'>ad</span> <span class='ocrx_word' id='word_1_148' title='bbox 484 1321 793 1366; x_wconf 75' lang='lat' dir='ltr'>confusionem</span> <span class='ocrx_word' id='word_1_149' title='bbox 846 1329 890 1366; x_wconf 91' lang='lat' dir='ltr'>et</span> <span class='ocrx_word' id='word_1_150' title='bbox 936 1331 1151 1371; x_wconf 89' lang='lat' dir='ltr'>terrorem</span> <span class='ocrx_word' id='word_1_151' title='bbox 1196 1331 1399 1375; x_wconf 89' lang='lat' dir='ltr'>omnium</span> <span class='ocrx_word' id='word_1_152' title='bbox 1443 1335 1773 1382; x_wconf 89' lang='lat' dir='ltr'>haereticorum</span> 
     </span>
    </p>
   </div>
   <div class='ocr_carea' id='block_1_7' title="bbox 77 1389 1769 1662">
    <p class='ocr_par' dir='ltr' id='par_1_7' title="bbox 77 1389 1157 1446">
     <span class='ocr_line' id='line_1_27' title="bbox 77 1389 1157 1446; baseline 0.012 -17"><span class='ocrx_word' id='word_1_153' title='bbox 77 1393 120 1430; x_wconf 90' lang='lat' dir='ltr'>et</span> <span class='ocrx_word' id='word_1_154' title='bbox 155 1389 368 1432; x_wconf 90' lang='lat' dir='ltr'>solatium</span> <span class='ocrx_word' id='word_1_155' title='bbox 401 1391 586 1446; x_wconf 92' lang='lat' dir='ltr'>piorum</span> <span class='ocrx_word' id='word_1_156' title='bbox 622 1394 960 1438; x_wconf 88' lang='lat' dir='ltr'>catholicorum.</span> <span class='ocrx_word' id='word_1_157' title='bbox 999 1399 1157 1442; x_wconf 84' lang='lat' dir='ltr'>Amen.</span> 
     </span>
    </p>

    <p class='ocr_par' dir='ltr' id='par_1_8' title="bbox 77 1460 1769 1591">
     <span class='ocr_line' id='line_1_28' title="bbox 188 1460 1769 1523; baseline 0.014 -22"><span class='ocrx_word' id='word_1_158' title='bbox 188 1460 311 1503; x_wconf 92' lang='lat' dir='ltr'>Data</span> <span class='ocrx_word' id='word_1_159' title='bbox 363 1462 538 1504; x_wconf 88' lang='lat' dir='ltr'>Romae</span> <span class='ocrx_word' id='word_1_160' title='bbox 590 1477 613 1505; x_wconf 92' lang='lat' dir='ltr'>e</span> <span class='ocrx_word' id='word_1_161' title='bbox 666 1464 1021 1510; x_wconf 89' lang='lat' dir='ltr'>Poenitentiaria</span> <span class='ocrx_word' id='word_1_162' title='bbox 1072 1470 1178 1512; x_wconf 89' lang='lat' dir='ltr'>Divi</span> <span class='ocrx_word' id='word_1_163' title='bbox 1218 1472 1353 1516; x_wconf 91' lang='lat' dir='ltr'>Petri.</span> <span class='ocrx_word' id='word_1_164' title='bbox 1395 1475 1527 1519; x_wconf 89' lang='lat' dir='ltr'>Anno</span> <span class='ocrx_word' id='word_1_165' title='bbox 1567 1479 1624 1521; x_wconf 92' lang='lat' dir='ltr'>ab</span> <span class='ocrx_word' id='word_1_166' title='bbox 1663 1481 1769 1523; x_wconf 90' lang='lat' dir='ltr'>orbe</span> 
     </span>
     <span class='ocr_line' id='line_1_29' title="bbox 77 1529 968 1591; baseline 0.009 -20"><span class='ocrx_word' id='word_1_167' title='bbox 77 1529 305 1586; x_wconf 87' lang='lat' dir='ltr'>redempto</span> <span class='ocrx_word' id='word_1_168' title='bbox 334 1532 457 1586; x_wconf 82' lang='lat'>1576.</span> <span class='ocrx_word' id='word_1_169' title='bbox 488 1532 651 1576; x_wconf 89' lang='lat' dir='ltr'>Idibus</span> <span class='ocrx_word' id='word_1_170' title='bbox 678 1535 968 1591; x_wconf 83' lang='lat' dir='ltr'>Septembris.</span> 
     </span>
    </p>

    <p class='ocr_par' dir='ltr' id='par_1_9' title="bbox 187 1597 1610 1662">
     <span class='ocr_line' id='line_1_30' title="bbox 187 1597 1610 1662; baseline 0.014 -20"><span class='ocrx_word' id='word_1_171' title='bbox 187 1601 308 1644; x_wconf 91' lang='lat' dir='ltr'>Tuae</span> <span class='ocrx_word' id='word_1_172' title='bbox 340 1597 409 1644; x_wconf 66' lang='lat' dir='ltr'>Mti</span> <span class='ocrx_word' id='word_1_173' title='bbox 442 1603 793 1655; x_wconf 83' lang='lat' dir='ltr'>addictissimus,</span> <span class='ocrx_word' id='word_1_174' title='bbox 828 1607 1133 1653; x_wconf 87' lang='lat' dir='ltr'>deditissimus</span> <span class='ocrx_word' id='word_1_175' title='bbox 1164 1617 1208 1654; x_wconf 90' lang='lat' dir='ltr'>et</span> <span class='ocrx_word' id='word_1_176' title='bbox 1240 1615 1610 1662; x_wconf 82' lang='lat' dir='ltr'>obstrictissimus</span> 
     </span>
    </p>
   </div>
   <div class='ocr_carea' id='block_1_8' title="bbox 30 1679 1703 1814">
    <p class='ocr_par' dir='ltr' id='par_1_10' title="bbox 30 1679 1703 1814">
     <span class='ocr_line' id='line_1_31' title="bbox 30 1679 1703 1742; baseline 0.016 -34"><span class='ocrx_word' id='word_1_177' title='bbox 30 1680 63 1708; x_wconf 79' lang='lat'>20</span> <span class='ocrx_word' id='word_1_178' title='bbox 945 1679 1201 1736; x_wconf 81' lang='lat' dir='ltr'>Stephanus</span> <span class='ocrx_word' id='word_1_179' title='bbox 1232 1685 1398 1728; x_wconf 88' lang='lat' dir='ltr'>Arator</span> <span class='ocrx_word' id='word_1_180' title='bbox 1429 1688 1703 1742; x_wconf 90' lang='lat' dir='ltr'>Pannonius,</span> 
     </span>
     <span class='ocr_line' id='line_1_32' title="bbox 967 1751 1677 1814; baseline 0.018 -22"><span class='ocrx_word' id='word_1_181' title='bbox 967 1751 1347 1799; x_wconf 88' lang='lat' dir='ltr'>Poenitentiarius</span> <span class='ocrx_word' id='word_1_182' title='bbox 1377 1759 1677 1814; x_wconf 80' lang='lat' dir='ltr'>Apostolicus.</span> 
     </span>
    </p>
   </div>
   <div class='ocr_carea' id='block_1_9' title="bbox 21 1849 1763 3164">
    <p class='ocr_par' dir='ltr' id='par_1_11' title="bbox 191 1849 1763 1919">
     <span class='ocr_line' id='line_1_33' title="bbox 191 1849 1763 1919; baseline 0.013 -29"><span class='ocrx_word' id='word_1_183' title='bbox 191 1849 424 1905; x_wconf 76' lang='lat' dir='ltr'>Quaedam</span> <span class='ocrx_word' id='word_1_184' title='bbox 451 1852 562 1894; x_wconf 90' lang='lat' dir='ltr'>mihi</span> <span class='ocrx_word' id='word_1_185' title='bbox 589 1853 812 1908; x_wconf 85' lang='lat' dir='ltr'>posterius</span> <span class='ocrx_word' id='word_1_186' title='bbox 839 1855 886 1897; x_wconf 90' lang='lat' dir='ltr'>in</span> <span class='ocrx_word' id='word_1_187' title='bbox 913 1861 1115 1901; x_wconf 91' lang='lat' dir='ltr'>mentem</span> <span class='ocrx_word' id='word_1_188' title='bbox 1142 1867 1378 1911; x_wconf 87' lang='lat' dir='ltr'>venerunt,</span> <span class='ocrx_word' id='word_1_189' title='bbox 1409 1878 1525 1919; x_wconf 91' lang='lat' dir='ltr'>quae</span> <span class='ocrx_word' id='word_1_190' title='bbox 1553 1866 1636 1909; x_wconf 92' lang='lat' dir='ltr'>hoc</span> <span class='ocrx_word' id='word_1_191' title='bbox 1665 1868 1763 1911; x_wconf 92' lang='lat' dir='ltr'>loco</span> 
     </span>
    </p>

    <p class='ocr_par' dir='ltr' id='par_1_12' title="bbox 21 1918 1762 3164">
     <span class='ocr_line' id='line_1_34' title="bbox 72 1918 1509 1978; baseline 0.012 -18"><span class='ocrx_word' id='word_1_192' title='bbox 72 1930 150 1971; x_wconf 91' lang='lat' dir='ltr'>pro</span> <span class='ocrx_word' id='word_1_193' title='bbox 174 1920 331 1963; x_wconf 88' lang='lat' dir='ltr'>maiori</span> <span class='ocrx_word' id='word_1_194' title='bbox 356 1922 479 1965; x_wconf 88' lang='lat' dir='ltr'>Tuae</span> <span class='ocrx_word' id='word_1_195' title='bbox 506 1918 592 1965; x_wconf 81' lang='lat' dir='ltr'>Mtis</span> <span class='ocrx_word' id='word_1_196' title='bbox 629 1924 790 1967; x_wconf 90' lang='lat' dir='ltr'>solatio</span> <span class='ocrx_word' id='word_1_197' title='bbox 816 1926 1094 1971; x_wconf 89' lang='lat' dir='ltr'>subiicienda</span> <span class='ocrx_word' id='word_1_198' title='bbox 1119 1943 1212 1972; x_wconf 90' lang='lat' dir='ltr'>esse</span> <span class='ocrx_word' id='word_1_199' title='bbox 1238 1931 1509 1978; x_wconf 87' lang='lat' dir='ltr'>existimavi.</span> 
     </span>
     <span class='ocr_line' id='line_1_35' title="bbox 181 1990 1762 2052; baseline 0.013 -20"><span class='ocrx_word' id='word_1_200' title='bbox 181 1990 319 2034; x_wconf 90' lang='lat' dir='ltr'>Lecta</span> <span class='ocrx_word' id='word_1_201' title='bbox 362 1993 447 2035; x_wconf 83' lang='lat' dir='ltr'>fuit</span> <span class='ocrx_word' id='word_1_202' title='bbox 485 1994 690 2049; x_wconf 87' lang='lat' dir='ltr'>epistola,</span> <span class='ocrx_word' id='word_1_203' title='bbox 744 2010 883 2051; x_wconf 86' lang='lat' dir='ltr'>quam</span> <span class='ocrx_word' id='word_1_204' title='bbox 920 1998 979 2040; x_wconf 91' lang='lat' dir='ltr'>ad</span> <span class='ocrx_word' id='word_1_205' title='bbox 1015 1999 1160 2043; x_wconf 91' lang='lat' dir='ltr'>Tuam</span> <span class='ocrx_word' id='word_1_206' title='bbox 1210 2001 1318 2044; x_wconf 67' lang='lat' dir='ltr'>Mtem</span> <span class='ocrx_word' id='word_1_207' title='bbox 1364 2005 1467 2046; x_wconf 89' lang='lat' dir='ltr'>dedi</span> <span class='ocrx_word' id='word_1_208' title='bbox 1499 2021 1526 2049; x_wconf 90' lang='lat' dir='ltr'>a</span> <span class='ocrx_word' id='word_1_209' title='bbox 1556 2009 1762 2052; x_wconf 81' lang='lat' dir='ltr'>Cenerali</span> 
     </span>
     <span class='ocr_line' id='line_1_36' title="bbox 27 2062 1761 2130; baseline 0.013 -29"><span class='ocrx_word' id='word_1_210' title='bbox 27 2062 320 2116; x_wconf 82' lang='lat' dir='ltr'>25praeposito</span> <span class='ocrx_word' id='word_1_211' title='bbox 351 2064 494 2106; x_wconf 89' lang='lat' dir='ltr'>nostri</span> <span class='ocrx_word' id='word_1_212' title='bbox 525 2065 706 2115; x_wconf 78' lang='lat' dir='ltr'>ordinis,</span> <span class='ocrx_word' id='word_1_213' title='bbox 730 2068 788 2109; x_wconf 93' lang='lat' dir='ltr'>ab</span> <span class='ocrx_word' id='word_1_214' title='bbox 811 2067 914 2109; x_wconf 77' lang='lat' dir='ltr'>Illnno</span> <span class='ocrx_word' id='word_1_215' title='bbox 941 2069 1157 2113; x_wconf 85' lang='lat' dir='ltr'>cardinali</span> <span class='ocrx_word' id='word_1_216' title='bbox 1180 2072 1341 2116; x_wconf 90' lang='lat' dir='ltr'>Sirleto</span> <span class='ocrx_word' id='word_1_217' title='bbox 1360 2076 1395 2101; x_wconf 79' lang='lat'>2²</span> <span class='ocrx_word' id='word_1_218' title='bbox 1415 2077 1615 2130; x_wconf 86' lang='lat' dir='ltr'>partium</span> <span class='ocrx_word' id='word_1_219' title='bbox 1638 2080 1761 2123; x_wconf 89' lang='lat' dir='ltr'>Tuae</span> 
     </span>
     <span class='ocr_line' id='line_1_37' title="bbox 70 2125 1759 2194; baseline 0.012 -21"><span class='ocrx_word' id='word_1_220' title='bbox 70 2125 152 2171; x_wconf 70' lang='lat' dir='ltr'>Mtis</span> <span class='ocrx_word' id='word_1_221' title='bbox 192 2134 406 2177; x_wconf 90' lang='lat' dir='ltr'>acerrimo</span> <span class='ocrx_word' id='word_1_222' title='bbox 454 2142 803 2192; x_wconf 80' lang='lat' dir='ltr'>propugnatore,</span> <span class='ocrx_word' id='word_1_223' title='bbox 841 2153 867 2181; x_wconf 90' lang='lat' dir='ltr'>a</span> <span class='ocrx_word' id='word_1_224' title='bbox 901 2140 1117 2183; x_wconf 90' lang='lat' dir='ltr'>cardinali</span> <span class='ocrx_word' id='word_1_225' title='bbox 1152 2142 1193 2185; x_wconf 92' lang='lat' dir='ltr'>S.</span> <span class='ocrx_word' id='word_1_226' title='bbox 1232 2143 1444 2194; x_wconf 81' lang='lat' dir='ltr'>Severini,</span> <span class='ocrx_word' id='word_1_227' title='bbox 1482 2161 1509 2189; x_wconf 93' lang='lat' dir='ltr'>a</span> <span class='ocrx_word' id='word_1_228' title='bbox 1542 2149 1759 2193; x_wconf 77' lang='lat' dir='ltr'>cardinali</span> 
     </span>
     <span class='ocr_line' id='line_1_38' title="bbox 70 2199 1758 2276; baseline 0.012 -33"><span class='ocrx_word' id='word_1_229' title='bbox 70 2199 110 2242; x_wconf 88' lang='lat' dir='ltr'>S.</span> <span class='ocrx_word' id='word_1_230' title='bbox 140 2201 265 2253; x_wconf 88' lang='lat' dir='ltr'>Sixti,</span> <span class='ocrx_word' id='word_1_231' title='bbox 297 2219 324 2247; x_wconf 89' lang='lat' dir='ltr'>a</span> <span class='ocrx_word' id='word_1_232' title='bbox 351 2205 568 2249; x_wconf 91' lang='lat' dir='ltr'>cardinali</span> <span class='ocrx_word' id='word_1_233' title='bbox 598 2207 739 2250; x_wconf 93' lang='lat' dir='ltr'>Hosio</span> <span class='ocrx_word' id='word_1_234' title='bbox 767 2213 812 2250; x_wconf 87' lang='lat' dir='ltr'>et</span> <span class='ocrx_word' id='word_1_235' title='bbox 842 2223 869 2252; x_wconf 93' lang='lat' dir='ltr'>a</span> <span class='ocrx_word' id='word_1_236' title='bbox 897 2210 1170 2265; x_wconf 89' lang='lat' dir='ltr'>quibusdam</span> <span class='ocrx_word' id='word_1_237' title='bbox 1199 2214 1356 2257; x_wconf 90' lang='lat' dir='ltr'>amicis</span> <span class='ocrx_word' id='word_1_238' title='bbox 1384 2217 1561 2267; x_wconf 89' lang='lat' dir='ltr'>nostris,</span> <span class='ocrx_word' id='word_1_239' title='bbox 1592 2219 1638 2261; x_wconf 88' lang='lat' dir='ltr'>in</span> <span class='ocrx_word' id='word_1_240' title='bbox 1666 2235 1758 2276; x_wconf 90' lang='lat' dir='ltr'>qua</span> 
     </span>
     <span class='ocr_line' id='line_1_39' title="bbox 67 2268 1756 2346; baseline 0.012 -34"><span class='ocrx_word' id='word_1_241' title='bbox 67 2268 174 2315; x_wconf 90' lang='lat' dir='ltr'>illud</span> <span class='ocrx_word' id='word_1_242' title='bbox 199 2278 381 2318; x_wconf 91' lang='lat' dir='ltr'>tantum</span> <span class='ocrx_word' id='word_1_243' title='bbox 417 2276 502 2319; x_wconf 91' lang='lat' dir='ltr'>illis</span> <span class='ocrx_word' id='word_1_244' title='bbox 533 2278 809 2333; x_wconf 88' lang='lat' dir='ltr'>displicuisse</span> <span class='ocrx_word' id='word_1_245' title='bbox 844 2279 1057 2331; x_wconf 84' lang='lat' dir='ltr'>intellexi,</span> <span class='ocrx_word' id='word_1_246' title='bbox 1083 2284 1207 2338; x_wconf 90' lang='lat' dir='ltr'>quod</span> <span class='ocrx_word' id='word_1_247' title='bbox 1228 2284 1373 2328; x_wconf 89' lang='lat' dir='ltr'>Tuam</span> <span class='ocrx_word' id='word_1_248' title='bbox 1408 2285 1516 2328; x_wconf 70' lang='lat' dir='ltr'>Mtem</span> <span class='ocrx_word' id='word_1_249' title='bbox 1562 2289 1646 2331; x_wconf 93' lang='lat' dir='ltr'>tibi</span> <span class='ocrx_word' id='word_1_250' title='bbox 1670 2290 1756 2346; x_wconf 92' lang='lat' dir='ltr'>ipsi</span> 
     </span>
     <span class='ocr_line' id='line_1_40' title="bbox 67 2342 1754 2405; baseline 0.01 -19"><span class='ocrx_word' id='word_1_251' title='bbox 67 2342 353 2396; x_wconf 88' lang='lat' dir='ltr'>laudaverim,</span> <span class='ocrx_word' id='word_1_252' title='bbox 381 2347 532 2403; x_wconf 90' lang='lat' dir='ltr'>sicque</span> <span class='ocrx_word' id='word_1_253' title='bbox 557 2348 680 2390; x_wconf 91' lang='lat' dir='ltr'>visus</span> <span class='ocrx_word' id='word_1_254' title='bbox 704 2349 936 2405; x_wconf 90' lang='lat' dir='ltr'>quoddam</span> <span class='ocrx_word' id='word_1_255' title='bbox 959 2352 1095 2394; x_wconf 91' lang='lat' dir='ltr'>modo</span> <span class='ocrx_word' id='word_1_256' title='bbox 1120 2353 1281 2396; x_wconf 78' lang='lat' dir='ltr'>fuerim</span> <span class='ocrx_word' id='word_1_257' title='bbox 1304 2355 1489 2400; x_wconf 88' lang='lat' dir='ltr'>adulari.</span> <span class='ocrx_word' id='word_1_258' title='bbox 1511 2359 1599 2401; x_wconf 91' lang='lat' dir='ltr'>Sed</span> <span class='ocrx_word' id='word_1_259' title='bbox 1623 2361 1754 2404; x_wconf 90' lang='lat' dir='ltr'>testis</span> 
     </span>
     <span class='ocr_line' id='line_1_41' title="bbox 24 2416 1754 2475; baseline 0.01 -19"><span class='ocrx_word' id='word_1_260' title='bbox 24 2418 130 2456; x_wconf 85' lang='lat' dir='ltr'>3oest</span> <span class='ocrx_word' id='word_1_261' title='bbox 161 2416 294 2466; x_wconf 86' lang='lat' dir='ltr'>Deus,</span> <span class='ocrx_word' id='word_1_262' title='bbox 328 2432 400 2460; x_wconf 91' lang='lat' dir='ltr'>me</span> <span class='ocrx_word' id='word_1_263' title='bbox 432 2432 498 2467; x_wconf 92' lang='lat' dir='ltr'>ea,</span> <span class='ocrx_word' id='word_1_264' title='bbox 535 2433 653 2474; x_wconf 88' lang='lat' dir='ltr'>quae</span> <span class='ocrx_word' id='word_1_265' title='bbox 686 2420 818 2475; x_wconf 89' lang='lat' dir='ltr'>attigi</span> <span class='ocrx_word' id='word_1_266' title='bbox 851 2421 906 2463; x_wconf 92' lang='lat' dir='ltr'>de</span> <span class='ocrx_word' id='word_1_267' title='bbox 937 2422 1148 2465; x_wconf 88' lang='lat' dir='ltr'>laudibus</span> <span class='ocrx_word' id='word_1_268' title='bbox 1194 2425 1317 2468; x_wconf 89' lang='lat' dir='ltr'>Tuae</span> <span class='ocrx_word' id='word_1_269' title='bbox 1348 2422 1434 2469; x_wconf 73' lang='lat' dir='ltr'>Mtis</span> <span class='ocrx_word' id='word_1_270' title='bbox 1474 2443 1565 2471; x_wconf 90' lang='lat' dir='ltr'>non</span> <span class='ocrx_word' id='word_1_271' title='bbox 1598 2430 1754 2474; x_wconf 77' lang='lat' dir='ltr'>fecisse</span> 
     </span>
     <span class='ocr_line' id='line_1_42' title="bbox 66 2488 1752 2556; baseline 0.012 -31"><span class='ocrx_word' id='word_1_272' title='bbox 66 2497 143 2527; x_wconf 89' lang='lat' dir='ltr'>nec</span> <span class='ocrx_word' id='word_1_273' title='bbox 161 2500 294 2530; x_wconf 89' lang='lat' dir='ltr'>causa</span> <span class='ocrx_word' id='word_1_274' title='bbox 309 2488 539 2538; x_wconf 91' lang='lat' dir='ltr'>adulandi,</span> <span class='ocrx_word' id='word_1_275' title='bbox 561 2503 640 2532; x_wconf 91' lang='lat' dir='ltr'>nec</span> <span class='ocrx_word' id='word_1_276' title='bbox 659 2490 845 2532; x_wconf 88' lang='lat' dir='ltr'>alicuius</span> <span class='ocrx_word' id='word_1_277' title='bbox 864 2493 1035 2547; x_wconf 90' lang='lat' dir='ltr'>proprii</span> <span class='ocrx_word' id='word_1_278' title='bbox 1056 2495 1283 2537; x_wconf 81' lang='lat' dir='ltr'>commodi</span> <span class='ocrx_word' id='word_1_279' title='bbox 1302 2496 1572 2542; x_wconf 84' lang='lat' dir='ltr'>utilitatisve</span> <span class='ocrx_word' id='word_1_280' title='bbox 1591 2502 1752 2556; x_wconf 88' lang='lat' dir='ltr'>gratia,</span> 
     </span>
     <span class='ocr_line' id='line_1_43' title="bbox 66 2555 1753 2624; baseline 0.012 -29"><span class='ocrx_word' id='word_1_281' title='bbox 66 2555 141 2597; x_wconf 87' lang='lat' dir='ltr'>sed</span> <span class='ocrx_word' id='word_1_282' title='bbox 155 2557 246 2600; x_wconf 92' lang='lat' dir='ltr'>zelo</span> <span class='ocrx_word' id='word_1_283' title='bbox 262 2558 484 2614; x_wconf 88' lang='lat' dir='ltr'>imprimis</span> <span class='ocrx_word' id='word_1_284' title='bbox 504 2560 686 2603; x_wconf 91' lang='lat' dir='ltr'>honoris</span> <span class='ocrx_word' id='word_1_285' title='bbox 704 2561 801 2610; x_wconf 89' lang='lat' dir='ltr'>Dei,</span> <span class='ocrx_word' id='word_1_286' title='bbox 823 2561 984 2605; x_wconf 89' lang='lat' dir='ltr'>deinde</span> <span class='ocrx_word' id='word_1_287' title='bbox 1002 2563 1209 2607; x_wconf 90' lang='lat' dir='ltr'>veritatis</span> <span class='ocrx_word' id='word_1_288' title='bbox 1227 2580 1392 2617; x_wconf 88' lang='lat' dir='ltr'>amore,</span> <span class='ocrx_word' id='word_1_289' title='bbox 1413 2570 1536 2624; x_wconf 91' lang='lat' dir='ltr'>quod</span> <span class='ocrx_word' id='word_1_290' title='bbox 1553 2571 1753 2615; x_wconf 88' lang='lat' dir='ltr'>viderem</span> 
     </span>
     <span class='ocr_line' id='line_1_44' title="bbox 64 2624 1753 2688; baseline 0.01 -19"><span class='ocrx_word' id='word_1_291' title='bbox 64 2624 132 2668; x_wconf 79' lang='lat' dir='ltr'>hic</span> <span class='ocrx_word' id='word_1_292' title='bbox 148 2626 281 2671; x_wconf 77' lang='lat' dir='ltr'>falsos</span> <span class='ocrx_word' id='word_1_293' title='bbox 298 2630 353 2672; x_wconf 90' lang='lat' dir='ltr'>de</span> <span class='ocrx_word' id='word_1_294' title='bbox 370 2630 470 2673; x_wconf 92' lang='lat' dir='ltr'>Tua</span> <span class='ocrx_word' id='word_1_295' title='bbox 487 2629 564 2673; x_wconf 75' lang='lat' dir='ltr'>Mte</span> <span class='ocrx_word' id='word_1_296' title='bbox 581 2645 782 2674; x_wconf 87' lang='lat' dir='ltr'>rumores</span> <span class='ocrx_word' id='word_1_297' title='bbox 813 2633 974 2688; x_wconf 83' lang='lat' dir='ltr'>spargi,</span> <span class='ocrx_word' id='word_1_298' title='bbox 1001 2635 1188 2678; x_wconf 91' lang='lat' dir='ltr'>tandem</span> <span class='ocrx_word' id='word_1_299' title='bbox 1207 2637 1365 2680; x_wconf 89' lang='lat' dir='ltr'>ardore</span> <span class='ocrx_word' id='word_1_300' title='bbox 1381 2639 1485 2681; x_wconf 89' lang='lat' dir='ltr'>fidei</span> <span class='ocrx_word' id='word_1_301' title='bbox 1503 2642 1753 2686; x_wconf 90' lang='lat' dir='ltr'>catholicae</span> 
     </span>
     <span class='ocr_line' id='line_1_45' title="bbox 65 2696 1752 2757; baseline 0.011 -19"><span class='ocrx_word' id='word_1_302' title='bbox 65 2699 108 2737; x_wconf 84' lang='lat' dir='ltr'>et</span> <span class='ocrx_word' id='word_1_303' title='bbox 135 2696 348 2742; x_wconf 88' lang='lat' dir='ltr'>desiderio</span> <span class='ocrx_word' id='word_1_304' title='bbox 385 2700 575 2744; x_wconf 80' lang='lat' dir='ltr'>iuvandi</span> <span class='ocrx_word' id='word_1_305' title='bbox 614 2702 824 2757; x_wconf 89' lang='lat' dir='ltr'>patriam.</span> <span class='ocrx_word' id='word_1_306' title='bbox 852 2705 1102 2754; x_wconf 88' lang='lat' dir='ltr'>Praeterea,</span> <span class='ocrx_word' id='word_1_307' title='bbox 1149 2706 1184 2748; x_wconf 89' lang='lat' dir='ltr'>si</span> <span class='ocrx_word' id='word_1_308' title='bbox 1226 2707 1337 2750; x_wconf 90' lang='lat' dir='ltr'>mihi</span> <span class='ocrx_word' id='word_1_309' title='bbox 1367 2723 1518 2753; x_wconf 87' lang='lat' dir='ltr'>coram</span> <span class='ocrx_word' id='word_1_310' title='bbox 1547 2713 1646 2756; x_wconf 90' lang='lat' dir='ltr'>Tua</span> <span class='ocrx_word' id='word_1_311' title='bbox 1675 2714 1752 2756; x_wconf 63' lang='lat' dir='ltr'>M³²</span> 
     </span>
     <span class='ocr_line' id='line_1_46' title="bbox 21 2769 1749 2836; baseline 0.01 -26"><span class='ocrx_word' id='word_1_312' title='bbox 21 2769 378 2820; x_wconf 74' lang='lat' dir='ltr'>asgratulandum</span> <span class='ocrx_word' id='word_1_313' title='bbox 399 2771 570 2821; x_wconf 79' lang='lat' dir='ltr'>fuisset,</span> <span class='ocrx_word' id='word_1_314' title='bbox 594 2772 670 2815; x_wconf 89' lang='lat' dir='ltr'>illa</span> <span class='ocrx_word' id='word_1_315' title='bbox 689 2773 849 2829; x_wconf 89' lang='lat' dir='ltr'>utique</span> <span class='ocrx_word' id='word_1_316' title='bbox 869 2775 1124 2825; x_wconf 90' lang='lat' dir='ltr'>methodus,</span> <span class='ocrx_word' id='word_1_317' title='bbox 1148 2791 1239 2832; x_wconf 91' lang='lat' dir='ltr'>qua</span> <span class='ocrx_word' id='word_1_318' title='bbox 1258 2778 1305 2820; x_wconf 92' lang='lat' dir='ltr'>in</span> <span class='ocrx_word' id='word_1_319' title='bbox 1324 2779 1409 2822; x_wconf 93' lang='lat' dir='ltr'>hac</span> <span class='ocrx_word' id='word_1_320' title='bbox 1430 2781 1621 2836; x_wconf 89' lang='lat' dir='ltr'>epistola</span> <span class='ocrx_word' id='word_1_321' title='bbox 1641 2799 1749 2827; x_wconf 90' lang='lat' dir='ltr'>usus</span> 
     </span>
     <span class='ocr_line' id='line_1_47' title="bbox 64 2842 1748 2910; baseline 0.012 -33"><span class='ocrx_word' id='word_1_322' title='bbox 64 2848 172 2887; x_wconf 86' lang='lat' dir='ltr'>sum,</span> <span class='ocrx_word' id='word_1_323' title='bbox 191 2842 419 2896; x_wconf 88' lang='lat' dir='ltr'>sequenda</span> <span class='ocrx_word' id='word_1_324' title='bbox 437 2842 483 2884; x_wconf 92' lang='lat' dir='ltr'>in</span> <span class='ocrx_word' id='word_1_325' title='bbox 503 2844 755 2898; x_wconf 89' lang='lat' dir='ltr'>perorando</span> <span class='ocrx_word' id='word_1_326' title='bbox 772 2844 942 2887; x_wconf 82' lang='lat' dir='ltr'>fuisset.</span> <span class='ocrx_word' id='word_1_327' title='bbox 962 2846 1080 2888; x_wconf 91' lang='lat' dir='ltr'>Nam</span> <span class='ocrx_word' id='word_1_328' title='bbox 1096 2851 1141 2889; x_wconf 94' lang='lat' dir='ltr'>et</span> <span class='ocrx_word' id='word_1_329' title='bbox 1158 2848 1335 2891; x_wconf 89' lang='lat' dir='ltr'>Marcus</span> <span class='ocrx_word' id='word_1_330' title='bbox 1351 2851 1522 2895; x_wconf 90' lang='lat' dir='ltr'>Tullius</span> <span class='ocrx_word' id='word_1_331' title='bbox 1538 2854 1748 2910; x_wconf 89' lang='lat' dir='ltr'>eloquen-</span> 
     </span>
     <span class='ocr_line' id='line_1_48' title="bbox 63 2905 1748 2979; baseline 0.012 -32"><span class='ocrx_word' id='word_1_332' title='bbox 63 2905 149 2950; x_wconf 86' lang='lat' dir='ltr'>tiae</span> <span class='ocrx_word' id='word_1_333' title='bbox 172 2923 331 2965; x_wconf 89' lang='lat' dir='ltr'>parens</span> <span class='ocrx_word' id='word_1_334' title='bbox 364 2913 601 2957; x_wconf 88' lang='lat' dir='ltr'>Caesarem</span> <span class='ocrx_word' id='word_1_335' title='bbox 627 2919 671 2956; x_wconf 90' lang='lat' dir='ltr'>et</span> <span class='ocrx_word' id='word_1_336' title='bbox 699 2915 783 2957; x_wconf 90' lang='lat' dir='ltr'>Gn.</span> <span class='ocrx_word' id='word_1_337' title='bbox 814 2915 1080 2971; x_wconf 91' lang='lat' dir='ltr'>Pompeium</span> <span class='ocrx_word' id='word_1_338' title='bbox 1120 2917 1167 2960; x_wconf 92' lang='lat' dir='ltr'>in</span> <span class='ocrx_word' id='word_1_339' title='bbox 1207 2925 1368 2962; x_wconf 89' lang='lat' dir='ltr'>senatu</span> <span class='ocrx_word' id='word_1_340' title='bbox 1406 2921 1513 2977; x_wconf 91' lang='lat' dir='ltr'>ipsis</span> <span class='ocrx_word' id='word_1_341' title='bbox 1539 2938 1748 2979; x_wconf 89' lang='lat' dir='ltr'>praesen-</span> 
     </span>
     <span class='ocr_line' id='line_1_49' title="bbox 63 2976 1746 3048; baseline 0.012 -31"><span class='ocrx_word' id='word_1_342' title='bbox 63 2976 180 3021; x_wconf 92' lang='lat' dir='ltr'>tibus</span> <span class='ocrx_word' id='word_1_343' title='bbox 203 2994 294 3023; x_wconf 90' lang='lat' dir='ltr'>non</span> <span class='ocrx_word' id='word_1_344' title='bbox 319 2983 513 3033; x_wconf 88' lang='lat' dir='ltr'>aliunde,</span> <span class='ocrx_word' id='word_1_345' title='bbox 539 2999 678 3040; x_wconf 89' lang='lat' dir='ltr'>quam</span> <span class='ocrx_word' id='word_1_346' title='bbox 705 2999 732 3028; x_wconf 88' lang='lat' dir='ltr'>a</span> <span class='ocrx_word' id='word_1_347' title='bbox 757 2984 1006 3029; x_wconf 89' lang='lat' dir='ltr'>virtutibus</span> <span class='ocrx_word' id='word_1_348' title='bbox 1031 2991 1076 3029; x_wconf 90' lang='lat' dir='ltr'>et</span> <span class='ocrx_word' id='word_1_349' title='bbox 1102 2989 1236 3031; x_wconf 90' lang='lat' dir='ltr'>rebus</span> <span class='ocrx_word' id='word_1_350' title='bbox 1260 2991 1398 3046; x_wconf 87' lang='lat' dir='ltr'>gestis</span> <span class='ocrx_word' id='word_1_351' title='bbox 1423 2992 1625 3048; x_wconf 91' lang='lat' dir='ltr'>ipsorum</span> <span class='ocrx_word' id='word_1_352' title='bbox 1650 2996 1746 3037; x_wconf 91' lang='lat' dir='ltr'>lau-</span> 
     </span>
     <span class='ocr_line' id='line_1_50' title="bbox 62 3046 1744 3119; baseline 0.011 -29"><span class='ocrx_word' id='word_1_353' title='bbox 62 3046 197 3092; x_wconf 86' lang='lat' dir='ltr'>davit.</span> <span class='ocrx_word' id='word_1_354' title='bbox 220 3052 451 3108; x_wconf 81' lang='lat' dir='ltr'>Quamvis,</span> <span class='ocrx_word' id='word_1_355' title='bbox 468 3059 520 3096; x_wconf 90' lang='lat' dir='ltr'>ut</span> <span class='ocrx_word' id='word_1_356' title='bbox 537 3069 694 3098; x_wconf 89' lang='lat' dir='ltr'>verum</span> <span class='ocrx_word' id='word_1_357' title='bbox 721 3056 878 3106; x_wconf 85' lang='lat' dir='ltr'>fatear,</span> <span class='ocrx_word' id='word_1_358' title='bbox 906 3057 1164 3101; x_wconf 87' lang='lat' dir='ltr'>maluissem</span> <span class='ocrx_word' id='word_1_359' title='bbox 1189 3064 1234 3102; x_wconf 88' lang='lat' dir='ltr'>et</span> <span class='ocrx_word' id='word_1_360' title='bbox 1259 3060 1354 3117; x_wconf 92' lang='lat' dir='ltr'>ipse</span> <span class='ocrx_word' id='word_1_361' title='bbox 1378 3068 1623 3119; x_wconf 89' lang='lat' dir='ltr'>postquam</span> <span class='ocrx_word' id='word_1_362' title='bbox 1649 3079 1744 3108; x_wconf 88' lang='lat' dir='ltr'>rem</span> 
     </span>
     <span class='ocr_line' id='line_1_51' title="bbox 62 3136 1744 3164; baseline 0.011 -21"><span class='ocrx_word' id='word_1_363' title='bbox 62 3136 1744 3164; x_wconf 40' lang='grc' dir='ltr'>Ἢ</span> 
     </span>
    </p>
   </div>
   <div class='ocr_carea' id='block_1_10' title="bbox 16 3175 913 3217">
    <p class='ocr_par' dir='ltr' id='par_1_13' title="bbox 16 3175 913 3217">
     <span class='ocr_line' id='line_1_52' title="bbox 16 3175 913 3217; baseline 0.011 -10"><span class='ocrx_word' id='word_1_364' title='bbox 16 3182 48 3208; x_wconf 70' lang='grc'>40</span> <span class='ocrx_word' id='word_1_365' title='bbox 181 3175 211 3197; x_wconf 80' lang='lat'>²²</span> <span class='ocrx_word' id='word_1_366' title='bbox 239 3177 379 3214; x_wconf 80' lang='lat' dir='ltr'>Sirleto</span> <span class='ocrx_word' id='word_1_367' title='bbox 407 3180 558 3215; x_wconf 85' lang='lat' dir='ltr'>Vilmos</span> <span class='ocrx_word' id='word_1_368' title='bbox 586 3180 714 3215; x_wconf 77' lang='lat' dir='ltr'>romai</span> <span class='ocrx_word' id='word_1_369' title='bbox 740 3182 913 3217; x_wconf 83' lang='lat' dir='ltr'>biboros.</span> 
     </span>
    </p>
   </div>
   <div class='ocr_carea' id='block_1_11' title="bbox 1556 3264 1603 3301">
    <p class='ocr_par' dir='ltr' id='par_1_14' title="bbox 1556 3264 1603 3301">
     <span class='ocr_line' id='line_1_53' title="bbox 1556 3264 1603 3301; baseline 0 -15"><span class='ocrx_word' id='word_1_370' title='bbox 1556 3264 1603 3301; x_wconf 61' lang='grc'>4*</span> 
     </span>
    </p>
   </div>
  </div>
 </body>
</html>
