2188 3535
350 174 397 220 36
1123 157 1199 191 No.
1235 167 1280 201 14
1710 148 1828 194 [1576
1847 147 1972 192 szept.
1998 156 2041 193 13

349 288 633 334 constituat?
671 283 802 326 Tales
831 278 1068 335 principes,
1102 275 1214 317 tales
1243 285 1368 328 reges
1404 272 1501 313 Deo
1537 268 1735 324 placent,
1775 264 1854 321 qui
1890 267 2044 319 aperte

350 360 592 403 veritatem
622 353 908 397 confitentur,
956 361 1047 389 non
1091 345 1170 401 qui
1213 343 1393 386 duabus
1429 340 1515 383 viis
1544 337 1862 395 ingrediuntur
1892 337 1972 376 aut
2000 333 2048 376 in

351 436 593 482 utramque
629 421 885 466 claudicant
922 422 1114 474 partem,
1152 415 1357 458 volentes
1393 411 1574 467 utrique
1621 407 1742 465 parti
1791 406 1966 462 placere
2001 407 2047 447 et

353 502 472 543 iusto
504 496 587 540 Dei
616 491 782 535 iudicio
811 489 962 532 neutri
994 487 1182 530 tandem
1211 485 1407 541 placent.
1439 480 1700 525 Attendant
1732 476 1792 526 hi,
1825 475 1938 532 quid
1965 474 2051 517 illis
2160 527 2162 531 Ι

355 572 563 614 Salvator
587 567 631 607 in
657 561 889 617 evangelio
914 559 1215 602 comminetur
1237 571 1244 599 :
1279 555 1389 611 »Qui
1414 568 1480 596 me
1503 578 1560 583 -—
1584 551 1733 606 inquit
1758 573 1816 579 —-
1841 546 2054 589 erubuerit
2079 554 2103 585 ε
2161 575 2163 581 ,

355 653 497 684 coram
529 634 793 682 hominibus,
828 631 1071 674 erubescam
1103 634 1140 671 et
1172 642 1247 684 ego
1281 641 1378 669 eum
1411 638 1553 667 coram
1588 624 1717 664 Patre
1749 633 1840 662 meo
1859 632 1876 667 ,·
1908 622 1946 660 et
1979 616 2055 673 qui
2099 611 2105 614 ’
2161 633 2163 649 ⁴

357 725 422 754 me
447 708 666 760 consessus
690 703 836 757 suerit,
863 701 1087 753 confitebor
1111 704 1148 742 et
1173 713 1247 754 ego
1273 712 1370 740 eum
1395 709 1538 738 coram
1563 691 1731 748 angelis
1756 689 1881 731 Dei«
1908 688 2056 730 Silebo

362 778 568 833 denique,
601 777 776 831 quanto
807 771 1023 814 dedecore
1052 769 1202 811 virum
1231 766 1477 823 quemdam
1507 777 1598 806 non
1628 762 1810 803 infimae
1841 757 1974 801 sortis
2002 770 2057 799 ex

362 852 608 904 conspectu
646 850 727 887 tuo
766 841 979 886 abieceris
1017 845 1063 882 et
1101 839 1198 882 aliis
1236 836 1534 880 deridendum
1572 829 1896 889 propinaveris,
1937 826 2060 884 quod

362 922 484 963 bona
526 917 813 973 episcopatus
857 915 954 955 Deo
989 914 1252 954 consecrata
1285 912 1330 950 et
1366 907 1536 955 oblata,
1569 901 1771 959 pecuniis
1802 914 1829 943 a
1856 900 1956 942 Tua
1984 896 2061 940 Μω
2074 886 2111 940 ια’
2160 908 2162 960 ζ

364 1004 510 1034 emere
532 985 844 1031 attentaverit.
880 985 982 1039 Qua
1004 982 1051 1023 in
1076 995 1121 1023 re
1147 979 1318 1035 egregie
1343 979 1531 1019 beatum
1562 976 1750 1017 Petrum
1775 970 2059 1026 Apostolum,
2106 966 2109 969 ’
2160 961 2162 970 '

365 1063 465 1105 Tua
483 1059 696 1102 Maiestas
718 1061 785 1099 est
804 1055 998 1102 imitata,
1024 1052 1083 1095 ad
1104 1065 1239 1107 quem
1261 1063 1364 1091 cum
1383 1047 1538 1090 Simon
1559 1057 1718 1100 magus
1741 1040 1998 1085 accessisset
2018 1040 2065 1083 et

367 1130 606 1190 pecuniam
628 1127 880 1175 obtulisset,
917 1124 1041 1180 quod
1062 1122 1147 1165 sibi
1168 1134 1349 1177 quoque
1371 1118 1542 1161 donum
1562 1114 1883 1158 miraculorum
1910 1124 2066 1154 conce-

367 1206 507 1253 deret,
544 1200 808 1256 respondit:
847 1196 1044 1240 Pecunia
1080 1200 1154 1237 tua
1190 1199 1327 1236 tecum
1362 1192 1419 1233 sit
1454 1189 1503 1231 in
1538 1187 1838 1244 perditionem,
1874 1198 1920 1226 eo
1957 1182 2069 1238 quod
2158 1235 2161 1242 ‚

370 1277 531 1318 donum
561 1272 647 1314 Dei
677 1269 865 1326 pecunia
898 1266 1137 1310 aestimasti
1168 1262 1394 1320 possideri.
2081 1258 2115 1292 15
2158 1272 2160 1297 g

489 1344 615 1386 Haec
644 1366 690 1371 —
717 1340 906 1395 inquam
934 1363 980 1368 —
1008 1350 1089 1391 ego
1112 1335 1256 1376 libens
1279 1331 1431 1375 omnia
1454 1334 1701 1386 praetereo,
1738 1325 1851 1368 illud
1885 1328 2071 1367 tantum
2108 1311 2113 1314 ’
2158 1315 2160 1322 ’

376 1428 543 1471 quaero
574 1413 632 1455 ab
662 1408 955 1454 adversariis:
988 1407 1089 1463 quis
1118 1418 1320 1460 unquam
1354 1416 1509 1457 regum
1532 1404 1611 1443 aut
1635 1397 1890 1455 principum
1919 1396 2070 1437 haere-

377 1486 570 1527 ticorum
597 1481 813 1524 invitavit
836 1478 1036 1535 Jesuitas
1066 1476 1143 1531 (sic
1169 1475 1288 1518 enim
1316 1471 1616 1516 communiter
1642 1470 1733 1512 iam
1759 1468 1805 1509 in
1831 1464 2074 1509 Germania

379 1555 666 1612 appellantur
707 1550 850 1593 nostri
891 1548 1059 1591 ordinis
1096 1545 1280 1602 patres),
1318 1549 1370 1586 ut
1413 1543 1458 1584 in
1500 1541 1591 1584 suis
1632 1538 1898 1582 civitatibus
1938 1535 2074 1578 fidem

380 1640 511 1669 suam
535 1622 879 1666 disseminarent
903 1624 948 1662 et
972 1619 1259 1660 iuventutem
1283 1613 1545 1657 erudirent?
1590 1612 1720 1654 Certe
1742 1611 1963 1652 hactenus
1985 1605 2121 1649 talem
2150 1626 2159 1634 ω

381 1696 650 1740 miraculum
675 1707 768 1735 non
792 1691 1003 1733 vidimus.
1031 1689 1180 1731 Tanto
1206 1686 1326 1728 enim
1351 1698 1433 1727 nos
1457 1683 1561 1726 odio
1587 1683 1937 1738 prosequuntur,
1964 1681 2017 1719 ut
2041 1675 2078 1719 si
2118 1667 2122 1669 .

383 1771 580 1824 possent,
613 1779 706 1806 una
735 1764 847 1805 hora
877 1775 1033 1804 omnes
1065 1758 1349 1815 perimerent.
1382 1756 1631 1798 Testantur
1659 1753 1745 1794 hoc
1776 1747 2080 1806 quadraginta

387 1840 549 1881 fratres
570 1835 726 1883 nostri,
750 1847 864 1890 quos
884 1832 931 1874 in
952 1831 1067 1874 mari
1089 1829 1357 1884 navigantes
1378 1826 1424 1868 in
1447 1825 1627 1867 Indiam
1649 1821 1923 1866 Calvinistae
1945 1817 2080 1862 variis

386 1907 617 1964 suppliciis
646 1905 982 1947 interfecerunt.
1016 1903 1078 1944 At
1107 1901 1206 1943 Tua
1235 1898 1448 1941 Maiestas
1478 1910 1569 1938 non
1599 1894 1748 1942 semel,
1780 1891 1860 1935 sed
1888 1889 2079 1946 saepius,
2174 1934 2177 1937 ,

389 1993 481 2022 non
500 1992 591 2020 uno
612 1990 743 2024 anno,
767 1975 845 2017 sed
864 1973 1068 2030 pluribus
1094 1985 1173 2027 per
1192 1969 1380 2012 nuncios
1399 1972 1443 2010 et
1465 1981 1544 2023 per
1562 1966 1715 2008 literas
1734 1967 1912 2006 nostros
1931 1965 2128 2017 patresi
2156 1973 2158 1990 ¹

391 2050 450 2092 ad
468 2063 514 2091 se
534 2046 856 2090 humanissime
876 2049 920 2086 et
941 2041 1256 2098 benignissime
1277 2038 1525 2082 accersivit.
1555 2035 1689 2092 Quod
1707 2038 1862 2077 autem
1881 2031 2084 2075 nondum

390 2118 690 2177 pervenerint,
711 2117 885 2159 multae
908 2128 1068 2169 graves
1090 2117 1135 2154 et
1158 2112 1304 2153 iustae
1327 2123 1488 2152 causae
1510 2106 1696 2163 singulis
1718 2104 1847 2148 annis
1872 2105 1940 2158 (ut
1961 2103 2085 2144 Tuae

391 2186 464 2234 Mti
494 2194 657 2232 notum
688 2188 770 2241 est)
819 2185 1168 2241 impediverunt.
1210 2180 1429 2237 Quamvis
1459 2179 1551 2221 iam
1581 2190 1735 2219 rumor
1765 2175 1823 2217 sit
1854 2174 1939 2223 hic,
1973 2173 2086 2215 duos

394 2277 416 2304 e
442 2260 607 2304 nostris
631 2258 837 2315 patribus
860 2258 1006 2299 Tuam
1047 2254 1154 2296 Μῖριᾙ
1188 2266 1339 2295 secum
1363 2251 1528 2292 habere
1549 2264 1556 2292 ;
1583 2247 1707 2304 quod
1730 2246 1766 2289 si
1790 2246 1856 2288 ita
1879 2249 1961 2294 est,
1987 2242 2088 2299 quis
2154 2238 2157 2245 ’

394 2337 464 2375 est
486 2336 583 2374 tani
605 2330 846 2386 perfrictae
875 2325 1050 2374 frontis,
1082 2324 1161 2380 qui
1190 2322 1384 2378 amplius
1413 2321 1467 2363 de
1497 2325 1579 2362 tua
1606 2318 1778 2361 sincera
1805 2316 1894 2358 fide
1923 2314 2134 2357 audeats·

397 2401 636 2445 dubitare?
670 2401 783 2443 Cum
814 2402 1021 2454 apertam
1042 2395 1283 2438 veritatem
1314 2390 1559 2435 adversarii
1588 2402 1750 2445 negare
1780 2401 1871 2430 non
1900 2384 2087 2442 possint,
2112 2435 2122 2439 .,
2152 2387 2163 2443 ζ

397 2472 633 2516 calumniis
697 2485 791 2513 rem
839 2467 1163 2524 aggrediuntur
1209 2470 1254 2507 et
1302 2460 1640 2518 tergiversando
1687 2457 1958 2501 clarissimae
2005 2452 2093 2498 luci
2152 2457 2158 2471 ²

398 2544 608 2586 tenebras
624 2541 857 2584 offundere
874 2540 1097 2582 nituntur.
1115 2536 1256 2578 Aiunt
1275 2534 1394 2576 enim
1411 2534 1556 2575 Tuam
1578 2531 1686 2573 Mam
1710 2542 1895 2572 vocasse
1910 2523 2106 2583 quidem⁴
2151 2531 2161 2603 i

403 2615 463 2656 ad
509 2627 554 2655 se
590 2612 803 2667 Jesuitas,
854 2611 932 2653 sed
978 2623 1030 2652 eo
1077 2611 1260 2650 tantum
1308 2618 1440 2652 anno,
1477 2617 1567 2658 quo
1608 2601 1654 2643 in
1694 2614 1842 2655 regem
1883 2591 2095 2641 Poloniae
2120 2593 2121 2596 ’

407 2685 667 2739 eligebatur,
708 2697 798 2738 quo
840 2680 1014 2724 facilius
1052 2693 1079 2722 a
1115 2675 1347 2720 catholicis
1387 2674 1636 2729 eligeretur.
1684 2673 1722 2715 O
1766 2666 2165 2725 impudentiamtf·

404 2754 745 2802 intolerabilem,
770 2767 796 2795 o
818 2751 1040 2794 malitiam
1064 2747 1394 2794 detestandam,
1427 2759 1454 2787 o
1488 2741 1789 2799 ignorantiam
1828 2745 1873 2782 et
1909 2738 2098 2782 caecita-
2148 2717 2164 2807 Ξ

403 2831 497 2868 tem
527 2825 768 2880 plusquam
798 2821 1101 2865 cimmeriam!
1136 2821 1255 2873 Ergo
1279 2818 1336 2860 ab
1359 2830 1478 2858 anno
1512 2814 1620 2867 1568
1646 2818 1691 2855 et
1716 2812 1828 2867 1569
1863 2823 2006 2866 usque
2041 2805 2100 2851 ad
2149 2814 2181 2852 ⁶5,

404 2900 687 2952 praesentem
710 2908 879 2936 annum
904 2892 1014 2947 1576
1052 2889 1254 2947 quotidie
1289 2887 1501 2943 sperabat
1533 2886 1631 2926 Tua
1654 2883 1866 2925 Maiestas
1889 2895 1934 2923 se
1951 2891 2099 2935 regem
2162 2871 2165 2874 ⁴

407 2965 643 3008 futurum?
678 2964 880 3020 quotidie
906 2963 953 3004 in
979 2961 1166 3004 Polonia
1191 2960 1246 3002 de
1274 2958 1368 3001 eius
1403 2955 1619 2999 electione
1655 2952 1903 3009 agebatur?
1947 2949 2101 2993 Etiam

407 3042 516 3079 tunc
555 3050 659 3078 cum
699 3035 922 3077 Henricus
960 3047 1039 3075 rex
1080 3031 1251 3074 Galliae
1291 3028 1476 3085 pacifice
1515 3025 1561 3068 in
1591 3023 1778 3068 Polonia
1807 3018 2139 3078 regnareffissa
2173 3071 2177 3078 .

408 3095 2102 3120 Μ

538 3136 568 3157 ¹³
597 3135 673 3170 III.
704 3135 858 3169 Henrik
890 3133 1042 3177 1574-ig
1068 3143 1144 3176 egy
1171 3131 1261 3175 evig
1287 3128 1443 3174 lengyel
1470 3126 1611 3171 kiraly.
