2188 3535
183 207 273 251 1581
311 203 396 249 jun.
437 206 497 248 12]
954 204 1027 239 No.
1067 214 1112 250 54
1810 214 1879 250 143

178 320 436 364 tristissimo
456 322 635 372 nuncio,
654 327 839 365 tanturn
861 323 919 365 ad
940 324 1007 365 De
1024 336 1031 364 :
1054 322 1201 364 Tuam
1222 320 1490 364 dederamus
1509 321 1698 372 literas)
1714 322 1880 378 quibus

178 393 323 448 ipsam
350 393 583 436 adhortati
610 408 780 444 sumus,
797 398 849 435 ut
865 393 911 435 in
938 393 1223 435 adolescente
1248 392 1449 448 principe
1474 393 1756 436 instituendo
1779 407 1880 436 eam

177 468 427 519 praestaret
452 478 650 520 operam,
677 479 817 520 quam
840 465 1033 506 antehac
1057 463 1300 519 praestitit,
1327 463 1463 519 priori
1485 463 1700 506 instituto
1723 479 1880 507 mune-

176 535 302 590 rique
336 534 632 585 incumberet,
669 550 750 577 nec
785 536 844 577 ab
879 549 930 577 eo
965 535 1112 577 latum
1147 533 1332 589 quidem
1364 549 1563 590 unguem
1598 535 1877 585 discederet;

128 621 145 648 5
176 605 308 647 simul
325 605 465 648 etiam
481 606 763 648 ostendimus
779 607 847 649 De
868 621 875 649 ;
896 607 1043 648 Tuam
1064 610 1202 661 atque
1223 604 1335 647 adeo
1356 610 1508 648 totum
1528 606 1656 648 illum
1675 606 1880 649 ordinem

181 680 379 718 vestrum
402 677 532 719 nobis
557 691 689 719 curae
713 691 820 726 esse,
851 677 898 718 in
922 691 1012 732 quo
1036 675 1207 718 tuendo
1231 676 1458 718 sententia
1480 681 1637 719 nostra
1659 682 1882 733 perpetua

175 752 256 796 est,
296 752 349 789 ut
387 748 526 790 etiarn
563 748 716 791 literas
755 748 814 790 ad
851 747 1126 790 consiliarios
1163 747 1287 802 regni
1324 747 1645 802 scripserimus
1686 762 1881 804 eumque

176 817 414 873 diligenter
455 819 938 868 commendaverimus,
979 833 1082 860 cum
1120 817 1250 859 nobis
1289 832 1315 860 a
1347 819 1443 862 De:
1482 819 1581 860 Tua
1612 818 1880 861 adferuntur

175 888 368 931 literae.2
385 891 446 932 Et
465 904 585 940 vero,
607 890 730 946 quod
748 889 971 945 prioribus
988 888 1142 937 literis,
1160 888 1281 931 idern
1296 889 1610 944 praesentibus
1627 903 1653 931 a
1668 891 1736 932 De
1755 905 1763 933 :
1783 891 1882 932 Tua

129 974 163 1001 10
176 960 494 1003 contendimus
515 977 522 1005 :
541 961 874 1003 adolescentem
889 960 1138 1016 principem
1154 959 1200 1001 in
1216 960 1388 1015 pietate
1405 965 1450 1001 et
1473 960 1570 1002 aliis
1592 960 1652 1002 ad
1672 960 1880 1003 humani-

176 1035 322 1073 tatem
344 1031 486 1074 liten's
508 1032 663 1074 sedulo
685 1031 864 1073 institui
887 1031 1094 1086 cupimus
1115 1046 1122 1073 :
1145 1030 1212 1072 ita
1233 1036 1402 1079 tamen,
1420 1035 1473 1072 ut
1492 1031 1880 1086 quemadmodum

177 1102 432 1145 studiorum
463 1102 571 1153 eius,
601 1103 667 1145 ita
698 1108 743 1144 et
775 1101 915 1144 animi
944 1101 1130 1144 laxandi
1161 1115 1312 1150 causa,
1338 1100 1432 1143 sive
1454 1100 1678 1143 exercitiis
1701 1103 1881 1157 puerili-

177 1174 274 1222 bus,
300 1173 395 1215 sive
417 1173 557 1216 etiarn
578 1173 793 1216 interesse
819 1172 1010 1221 senatui,
1036 1177 1160 1213 certa
1181 1176 1389 1226 tempora
1411 1171 1686 1213 tribuantur.
1715 1172 1769 1213 In
1791 1186 1881 1227 quo

177 1248 440 1286 senatorum
464 1244 682 1286 iudicium
707 1244 905 1287 Devotio
929 1244 1028 1285 Tua
1052 1241 1263 1297 requiret.
1292 1240 1499 1297 Denique
1525 1242 1749 1291 nolumus,
1777 1247 1828 1284 ut
1855 1256 1882 1284 a

130 1328 163 1355 15
176 1314 316 1357 latere
339 1315 637 1357 adolescentis
661 1314 857 1357 Devotio
879 1314 978 1356 Tua
1001 1326 1233 1368 quoquam
1257 1311 1473 1354 discedat.
1500 1313 1573 1355 Ad
1595 1312 1880 1355 conforman-

177 1385 258 1427 dos
286 1385 407 1428 enim
435 1400 581 1428 mores
608 1386 764 1434 bonos,
796 1398 960 1440 eosque
989 1383 1128 1425 etiam
1157 1383 1504 1434 confirmandos
1535 1383 1743 1439 exempla
1771 1384 1877 1426 assi-

177 1456 356 1512 duaque
395 1456 676 1499 consuetudo
715 1456 954 1497 doctorum
993 1459 1038 1496 et
1077 1453 1256 1510 piorum
1295 1460 1643 1510 praeceptorum
1681 1454 1880 1497 multum

176 1526 318 1569 iuvat.
355 1528 536 1577 Contra,
580 1526 945 1569 conversationes
989 1525 1135 1568 malae
1179 1527 1300 1568 bona
1343 1525 1523 1581 ingenia
1567 1531 1878 1581 corrumpunt.

177 1598 286 1653 Spes
317 1598 447 1640 nobis
479 1602 603 1640 certa
633 1603 715 1647 est,
750 1599 846 1641 De:
886 1598 1010 1639 Tuae
1049 1596 1296 1652 diligentia,
1337 1601 1544 1639 tenerum
1584 1596 1883 1639 adolescentis

128 1668 380 1711 manimum
412 1668 636 1725 religionis
670 1668 919 1711 catholicae
953 1667 1184 1723 principiis
1216 1668 1283 1710 ita
1316 1667 1514 1711 tinctum
1548 1682 1656 1717 esse,
1691 1673 1744 1710 ut
1779 1682 1881 1709 cum

177 1739 274 1781 aliis
304 1754 485 1796 quoqu-e
514 1740 745 1782 interdum
780 1739 927 1794 (aliter
956 1739 1076 1781 enirn
1106 1739 1202 1781 fieri
1231 1753 1323 1781 non
1353 1739 1522 1794 potest)
1558 1739 1652 1781 sine
1682 1738 1881 1794 periculo

176 1816 332 1853 tamen
361 1811 530 1854 versari
559 1811 715 1867 possit.
757 1811 882 1866 Quae
913 1810 968 1852 de
998 1810 1196 1860 ecclesia,
1229 1810 1276 1852 in
1306 1824 1397 1865 qua
1426 1824 1547 1853 nunc
1577 1814 1882 1852 armamenta-

177 1881 293 1924 rium
319 1886 401 1931 est,
430 1882 673 1924 defunctus
694 1881 834 1924 frater
854 1887 1008 1923 noster
1029 1881 1300 1937 iampridem
1322 1881 1575 1931 constituit,
1605 1885 1745 1937 atque
1770 1879 1883 1922 illud

177 1953 386 2008 perficere
412 1959 559 1995 morte
584 1953 832 1995 immatura
857 1966 949 1995 non
976 1953 1142 2008 potuit,
1173 1952 1383 1995 dabimus
1409 1966 1608 2009 operam,
1636 1957 1688 1994 ut
1711 1966 1764 1994 ea
1784 1965 1881 2002 nos,

128 2024 458 2066 25authoritate
493 2029 650 2066 nostra
686 2024 999 2079 perficiamus:
1040 2024 1245 2066 aedificia
1280 2029 1405 2066 sarta
1440 2029 1565 2066 tecta
1599 2028 1883 2079 praestemus

177 2108 228 2136 ac
259 2108 458 2137 annexas
503 2094 824 2145 habitationes,
858 2108 973 2150 quae
1003 2094 1229 2137 sufficient
1259 2108 1340 2150 pro
1371 2093 1668 2137 contubernio
1697 2093 1882 2136 minoris

178 2166 348 2221 collegii
385 2165 706 2208 instaurandas
743 2179 978 2208 curemus:
1019 2166 1234 2222 nullaque
1270 2166 1316 2207 in
1352 2180 1400 2208 re
1438 2165 1648 2213 desimus,
1682 2178 1798 2219 quae
1823 2163 1882 2205 ad

179 2237 552 2279 commoditatem
579 2236 818 2279 Societatis
843 2242 1022 2280 vestrae
1046 2237 1214 2292 poterit
1241 2236 1478 2292 pertinere.
1507 2236 1639 2277 Nunc
1664 2234 1879 2276 brevibus

178 2308 287 2350 haec
304 2309 391 2350 De:
415 2309 540 2350 Tuae
562 2307 760 2350 indicare
782 2307 1023 2357 voluimus,
1047 2307 1175 2350 brevi
1198 2307 1329 2363 plura
1351 2306 1406 2349 de
1428 2306 1639 2349 omnibus
1661 2305 1879 2360 perscripa

129 2390 164 2417 30
179 2378 282 2428 turi,
308 2392 412 2421 curn
435 2379 490 2421 de
513 2384 615 2421 tota
637 2379 812 2421 ratione
835 2383 974 2434 atque
998 2377 1392 2420 administratione
1415 2376 1539 2432 regni
1561 2375 1692 2418 istius
1715 2375 1882 2417 certius

179 2449 522 2492 constituemus.
558 2451 682 2492 Bene
714 2449 866 2492 valeat
899 2449 1096 2491 Devotio
1128 2449 1239 2491 Tua.

310 2521 485 2563 Datum
518 2520 565 2562 in
598 2534 698 2563 arce
732 2524 890 2562 nostra
921 2519 1043 2575 regia
1076 2519 1290 2569 Vilnensi,
1329 2531 1395 2561 12.
1433 2518 1504 2560 die
1538 2517 1704 2560 mensis
1737 2516 1877 2572 Junii.

180 2592 311 2633 Anno
344 2591 528 2634 Domini
563 2591 686 2645 1581.
723 2590 867 2646 Regni
899 2604 1006 2632 vero
1037 2590 1179 2632 nostri
1213 2594 1355 2632 sexto.

312 2662 570 2718 Stephanus
603 2664 715 2705 Rex.

132 2766 167 2793 35
335 2762 395 2806 (P.
424 2763 571 2808 Wujek
597 2763 773 2809 egykoru
801 2762 1012 2802 meisolata,
1041 2772 1066 2796 a
1093 2761 1389 2807 Jezsuita-rend
1417 2760 1724 2804 leveltaraban.)

310 2892 323 2913 ¹
353 2892 556 2927 Kozoltfik
583 2893 717 2927 elobbi
744 2903 797 2927 sz.
828 2903 863 2927 a.
945 2892 958 2913 ²
986 2891 1058 2926 Ld.
1092 2899 1149 2936 50.
1180 2901 1232 2925 sz.
1263 2901 1298 2925 a.
1327 2891 1585 2936 szovegeben.
