2188 3535
194 533 278 559 Decz.
302 539 347 562 25.

364 201 437 228 210
1129 183 1202 218 No.
1227 185 1278 228 69
1733 182 1849 224 [1582
1884 181 1967 226 jan.
2005 191 2056 216 10

364 309 557 365 patriam
585 312 798 352 nostram,
833 317 921 345 non
941 301 1093 343 hostili
1112 300 1261 356 gladio
1281 299 1437 356 magis,
1459 314 1599 356 quam
1617 299 1878 342 haeresibus
1897 303 2050 341 vasta-

364 385 472 427 tam,
507 391 637 420 curae
669 389 773 417 esse.
809 374 938 414 Nunc
970 370 1054 414 Dei
1086 369 1338 420 clementia,
1372 385 1441 413 res
1471 375 1652 414 nostrae
1700 369 2052 426 progrediuntur

363 449 544 505 optime.
585 448 636 488 In
674 448 804 486 tanta
840 441 1037 484 militum
1075 440 1341 497 frequentia,
1379 442 1632 484 haeresium
1655 441 1846 491 sentina,
1871 454 2051 482 morum

362 517 552 566 licentia,
584 514 840 569 disciplinae
881 511 1180 567 corruptione,
1222 511 1291 554 his
1331 512 1563 555 Natalitiis
1602 512 1839 567 sexaginta
1878 510 2049 553 confes-

362 588 481 629 sione
515 589 741 641 purgatos,
779 596 903 625 sacro
939 581 1102 624 Christi
1137 597 1321 638 corpore
1355 582 1579 639 pavimus.
1617 584 1856 625 Fenestras
1890 581 2050 638 templi
2084 593 2104 620 5

361 657 488 699 vitris
523 660 613 697 tres
634 653 956 709 reparavimus,
995 653 1201 709 expensis
1239 648 1334 695 Illnni
1380 653 1606 710 principis.
1646 652 1876 696 Subselliis
1911 652 2051 695 etiam

361 726 580 782 templum
608 725 859 767 instruitur.
898 724 1018 766 Nam
1047 725 1280 774 hactenus,
1310 729 1362 766 ut
1389 723 1436 766 in
1463 724 1606 767 tantis
1633 723 1774 766 ruinis
1800 723 1896 766 fieri
1923 723 2051 768 solet.

360 796 467 839 nudi
490 795 648 851 templi
671 794 877 851 parietes,
903 795 1027 837 nuda
1048 794 1314 850 pavimenta
1337 795 1744 851 conspiciebantur.
1769 793 2053 837 Turriculam

360 880 538 923 quoque
574 880 655 922 pro
692 865 924 921 campanis
956 870 1153 915 senatus,
1201 865 1312 908 alias
1347 866 1614 915 haereticus,
1653 865 1851 921 ligneam
1888 864 2053 921 en'gere

359 937 518 993 coepit.
582 937 653 980 Ad
697 935 932 979 conciones
975 936 1185 992 frequens
1230 950 1472 979 concursus
1516 942 1561 979 et
1607 936 1665 979 ad
1709 935 2050 978 catechismum.
2067 948 2106 976 10

360 1008 493 1064 Coepi
512 1012 796 1050 sacramenta
814 1006 1050 1063 explicare,
1071 1007 1266 1063 populus
1285 1007 1405 1050 enim
1422 1007 1495 1050 hic
1513 1008 1646 1064 plane
1664 1007 1789 1050 rudis
1807 1011 1852 1050 et
1871 1007 2052 1063 ignarus

360 1094 514 1122 eorum
548 1084 659 1121 erat.

488 1149 700 1205 Princeps
715 1148 1049 1192 Illustrissimus
1065 1149 1242 1205 proficit
1259 1154 1360 1192 tum
1376 1149 1422 1191 in
1442 1149 1764 1199 cathechismo,
1782 1153 1884 1191 tum
1898 1147 2051 1191 literis.

362 1221 481 1264 Nihil
505 1220 668 1276 refugit
691 1221 877 1276 Papista
900 1220 1066 1270 vocari,
1090 1220 1182 1263 imo
1204 1220 1330 1262 ducit
1351 1220 1475 1263 laudi
1499 1225 1544 1263 et
1567 1220 1744 1276 gloriae.
1771 1221 1879 1263 Tres
1901 1223 2055 1276 partes

361 1291 643 1334 catechismi:
677 1292 731 1333 de
760 1291 860 1340 fide,
884 1305 962 1347 spe
992 1295 1037 1334 et
1067 1291 1304 1341 charitate,
1336 1306 1417 1347 pro
1446 1292 1531 1334 hac
1561 1306 1643 1334 sua
1671 1290 1888 1340 aetatula,
1920 1290 2051 1333 callet
2068 1302 2105 1330 15

361 1368 405 1405 et
440 1362 646 1417 intelligit
679 1362 888 1418 perfecte.
925 1363 979 1404 In
1011 1361 1174 1404 ritibus
1206 1362 1456 1405 catholicae
1489 1362 1699 1405 ecclesiae
1732 1376 1839 1405 sane
1871 1375 2052 1405 severus

362 1438 405 1475 et
430 1438 653 1475 constans.
698 1433 882 1475 Librum
906 1433 1185 1476 haereticum
1208 1448 1263 1476 ne
1287 1448 1425 1476 manu
1449 1433 1633 1490 quidem
1656 1433 1914 1489 contingere
1937 1432 2050 1475 vult.

363 1504 405 1546 Si
434 1506 556 1546 Deus
587 1519 733 1560 regem
773 1504 930 1546 Sermum
956 1503 1054 1546 vita
1083 1504 1320 1547 donaverit
1346 1504 1520 1561 aliquot
1564 1518 1801 1553 annorum,
1842 1503 2052 1546 existimo

363 1589 465 1617 eum
496 1575 607 1617 adeo
638 1575 808 1617 radices
838 1575 955 1618 altas
985 1575 1090 1617 fidei
1120 1580 1301 1618 nostrae
1331 1575 1572 1625 iacturum,
1604 1580 1656 1617 ut
1687 1575 1811 1617 nulla
1842 1574 2051 1630 deinceps

363 1645 407 1687 vi
442 1646 570 1687 evelli
604 1646 743 1701 possit
778 1660 832 1688 ex
867 1645 1033 1689 animo.
2068 1657 2107 1685 20

494 1717 592 1758 Iam
622 1731 777 1759 cocum
806 1717 952 1760 habeo
978 1731 1033 1760 ex
1061 1717 1260 1767 Polonia,
1283 1731 1311 1760 a
1333 1718 1386 1760 R.
1413 1719 1461 1760 P.
1487 1717 1768 1760 Visitatore.2
1800 1716 1888 1759 Sed
1919 1718 2056 1760 Pater

362 1787 576 1842 Georgius
612 1787 756 1830 socius
791 1787 1036 1844 paralysim
1071 1788 1246 1844 patitur
1280 1788 1326 1831 in
1364 1788 1588 1838 manibus,
1635 1788 1726 1830 iam
1762 1802 1790 1830 a
1825 1787 2056 1830 mensibus

363 1862 592 1913 quattuor.
618 1859 834 1914 Coeperat
855 1859 925 1901 his
947 1859 1105 1902 diebus
1130 1859 1296 1902 rectius
1317 1860 1466 1902 valere
1486 1874 1495 1910 ;
1520 1859 1598 1901 sed
1620 1873 1739 1901 nunc
1762 1873 1915 1901 rursus
1935 1858 2054 1901 redit

362 1929 558 1971 morbus.
585 1929 772 1972 Interim
802 1931 855 1972 R.
882 1932 929 1972 P.
961 1931 1141 1979 Rector,
1165 1930 1358 1973 alterum
1381 1945 1436 1973 ex
1463 1930 1672 1986 patribus
1700 1930 1870 1979 Siculis,
1901 1942 2055 1972 recens

361 2000 406 2041 in
437 2000 707 2042 Societatem
743 2000 963 2050 admissis,
995 2001 1073 2057 qui
1102 2001 1249 2044 vicem
1279 2001 1415 2044 officii
1444 2001 1539 2044 eius
1569 2001 1764 2057 expleat,
1796 2001 1885 2043 huc
1914 2000 2050 2043 misit.
2069 2011 2106 2039 25

362 2071 671 2126 Expectamus
693 2071 739 2113 in
764 2071 858 2114 dies
882 2086 1063 2114 currum
1089 2072 1381 2128 Claudiopoli,
1408 2077 1460 2114 ut
1486 2087 1541 2115 ex
1566 2072 1751 2115 consilio
1776 2071 2056 2114 medicorum

363 2142 409 2183 P.
449 2141 664 2198 Georgius
699 2157 751 2185 eo
787 2142 1029 2185 deferatur.
1069 2143 1278 2185 Fortasse
1314 2143 1425 2186 coeli
1461 2142 1660 2186 mutatio
1695 2142 1867 2199 aliquid
1903 2156 2056 2185 secum

363 2212 473 2254 feret
506 2213 745 2256 commodi.
780 2214 1070 2264 Blandratae‚
1101 2213 1298 2269 signiferi
1338 2214 1625 2264 Asianorum,
1671 2214 1785 2256 mira
1828 2227 1932 2270 erga
1974 2226 2056 2255 nos

364 2282 558 2325 charitas
586 2288 629 2326 et
660 2284 986 2327 benevolentia.
1020 2284 1183 2327 Invisit
1212 2285 1380 2335 sedulo,
1411 2284 1675 2341 praescribit
1703 2284 1907 2327 fideliter.
1938 2285 2055 2326 Mar-

365 2353 472 2396 cello
506 2356 705 2410 quodam
739 2355 826 2398 alio
860 2355 1073 2412 principis
1107 2355 1246 2398 etiam
1278 2356 1453 2399 medico
1487 2356 1661 2399 utimur
1692 2354 2108 2398 familiarissimam

367 2424 452 2466 Sed
482 2430 640 2468 neuter
672 2426 726 2468 de
758 2426 981 2482 religione,
1015 2426 1087 2469 vel
1119 2427 1352 2469 tantillum
1385 2427 1540 2470 audire
1572 2427 1685 2470 vult.
1721 2428 1927 2482 Excepta
1958 2425 2055 2468 reli-

367 2494 508 2549 gionis
535 2510 682 2546 causa,
711 2497 898 2540 caeteris
930 2497 976 2539 in
1009 2498 1143 2540 rebus
1176 2512 1221 2540 se
1255 2497 1495 2540 acerrimos
1529 2497 1766 2541 Societatis
1800 2496 2055 2539 defensores

368 2570 413 2606 et
442 2566 718 2619 pollicentur,
747 2573 791 2610 et
818 2567 1140 2624 praeseferunt.
1171 2569 1271 2611 Imo
1298 2569 1549 2611 Blandrata
1574 2583 1726 2611 coram
1753 2572 1914 2610 senatu
1940 2567 2053 2609 adeo

370 2635 637 2679 Societatem
662 2638 809 2680 verbis
833 2638 997 2681 extulit
1021 2639 1076 2681 de
1101 2639 1288 2681 scientia
1312 2644 1356 2682 et
1382 2653 1560 2682 morum
1584 2638 1858 2695 integritate,
1884 2642 1937 2680 ut
1962 2652 2052 2680 non

370 2719 528 2759 parurn
567 2721 719 2750 eorum
741 2709 915 2751 animos
936 2709 1028 2752 iam
1049 2724 1168 2752 nunc
1190 2710 1249 2752 ad
1270 2725 1350 2752 nos
1372 2709 1590 2753 fovendos
1612 2709 1793 2752 videam
1815 2708 2052 2751 excitatos,
2068 2719 2108 2747 35

372 2775 558 2817 Utinam
587 2778 655 2819 vel
684 2793 799 2821 unus
826 2795 880 2822 ex
909 2785 1070 2822 senatu
1098 2780 1355 2836 religionem
1384 2795 1539 2823 veram
1567 2780 1943 2836 amplecteretur:
1975 2779 2055 2821 sed

372 2845 536 2901 partim
555 2847 673 2890 bona
691 2850 1001 2900 ecclesiastica,
1023 2865 1138 2907 quae
1156 2851 1400 2906 possident,
1421 2851 1589 2906 partim
1606 2850 1790 2906 rapinae
1809 2855 1853 2892 et
1872 2850 1960 2893 alia
1978 2863 2054 2892 eos

371 2917 619 2959 retrahunt.
644 2919 696 2960 R.
722 2920 768 2961 P.
791 2921 894 2963 Vram
935 2921 1156 2964 Dominus
1176 2922 1308 2976 Jesus
1328 2921 1578 2964 diutissime
1598 2925 1745 2963 servet
1766 2921 2053 2969 incolumem,

500 3086 514 3106 ²
543 3084 585 3118 P.
614 3086 857 3130 Carminata,
877 3101 900 3126 a
918 3092 959 3125 ki
979 3092 1216 3127 nemsokara
1244 3092 1292 3127 be
1318 3092 1352 3126 is
1379 3093 1463 3138 jott
1486 3102 1532 3126 az
1561 3091 1711 3137 erdelyi
1738 3091 2058 3137 jezsuita-hazak

374 3144 741 3189 megvizsgalz'xsara.
2071 3161 2110 3189 40
