<?xml version="1.0" encoding="UTF-8"?>
<!DOCTYPE html PUBLIC "-//W3C//DTD XHTML 1.0 Transitional//EN"
    "http://www.w3.org/TR/xhtml1/DTD/xhtml1-transitional.dtd">
<html xmlns="http://www.w3.org/1999/xhtml" xml:lang="en" lang="en">
 <head>
  <title>
</title>
<meta http-equiv="Content-Type" content="text/html;charset=utf-8" />
  <meta name='ocr-system' content='tesseract 3.04.00' />
  <meta name='ocr-capabilities' content='ocr_page ocr_carea ocr_par ocr_line ocrx_word'/>
</head>
<body>
  <div class='ocr_page' id='page_1' title='image "./epistolaeetactaj01vereuoft_0340.png"; bbox 0 0 2188 3535; ppageno 0'>
   <div class='ocr_carea' id='block_1_1' title="bbox 381 218 2069 280">
    <p class='ocr_par' dir='ltr' id='par_1_1' title="bbox 381 218 2069 280">
     <span class='ocr_line' id='line_1_1' title="bbox 381 218 2069 280; baseline -0.01 -11"><span class='ocrx_word' id='word_1_1' title='bbox 381 234 454 280; x_wconf 89' lang='lat'>276</span> <span class='ocrx_word' id='word_1_2' title='bbox 1145 221 1220 254; x_wconf 77' lang='grc' dir='ltr'>ΝΟ.</span> <span class='ocrx_word' id='word_1_3' title='bbox 1250 222 1300 265; x_wconf 88' lang='grc'>89</span> <span class='ocrx_word' id='word_1_4' title='bbox 1695 219 1810 265; x_wconf 83' lang='lat'>[1583</span> <span class='ocrx_word' id='word_1_5' title='bbox 1844 218 1987 252; x_wconf 74' lang='lat' dir='ltr'>marcz.</span> <span class='ocrx_word' id='word_1_6' title='bbox 2025 219 2069 254; x_wconf 90' lang='lat'>18</span> 
     </span>
    </p>
   </div>
   <div class='ocr_carea' id='block_1_2' title="bbox 379 335 2130 1885">
    <p class='ocr_par' dir='ltr' id='par_1_2' title="bbox 379 335 2071 539">
     <span class='ocr_line' id='line_1_2' title="bbox 379 335 2070 400; baseline -0.009 -7"><span class='ocrx_word' id='word_1_7' title='bbox 379 346 652 393; x_wconf 88' lang='lat' dir='ltr'>admittendi</span> <span class='ocrx_word' id='word_1_8' title='bbox 674 345 936 400; x_wconf 91' lang='lat' dir='ltr'>procurator</span> <span class='ocrx_word' id='word_1_9' title='bbox 957 339 1130 387; x_wconf 81' lang='lat' dir='ltr'>fuisset,</span> <span class='ocrx_word' id='word_1_10' title='bbox 1154 340 1504 393; x_wconf 84' lang='lat' dir='ltr'>praemoneatur</span> <span class='ocrx_word' id='word_1_11' title='bbox 1525 350 1605 392; x_wconf 88' lang='lat' dir='ltr'>per</span> <span class='ocrx_word' id='word_1_12' title='bbox 1622 336 1799 378; x_wconf 83' lang='lat' dir='ltr'><strong>litteras</strong></span> <span class='ocrx_word' id='word_1_13' title='bbox 1815 350 1871 378; x_wconf 92' lang='lat' dir='ltr'>ne</span> <span class='ocrx_word' id='word_1_14' title='bbox 1886 350 1977 378; x_wconf 90' lang='lat' dir='ltr'>non</span> <span class='ocrx_word' id='word_1_15' title='bbox 1991 335 2070 378; x_wconf 87' lang='lat' dir='ltr'>ad-</span> 
     </span>
     <span class='ocr_line' id='line_1_3' title="bbox 381 406 2071 467; baseline -0.008 -5"><span class='ocrx_word' id='word_1_16' title='bbox 381 420 573 462; x_wconf 88' lang='lat' dir='ltr'>hibitam</span> <span class='ocrx_word' id='word_1_17' title='bbox 589 430 681 458; x_wconf 89' lang='lat' dir='ltr'>esse</span> <span class='ocrx_word' id='word_1_18' title='bbox 695 413 953 467; x_wconf 81' lang='lat' dir='ltr'>diligentem</span> <span class='ocrx_word' id='word_1_19' title='bbox 967 409 1014 450; x_wconf 91' lang='lat' dir='ltr'>in</span> <span class='ocrx_word' id='word_1_20' title='bbox 1026 423 1078 451; x_wconf 91' lang='lat' dir='ltr'>eo</span> <span class='ocrx_word' id='word_1_21' title='bbox 1091 407 1352 464; x_wconf 86' lang='lat' dir='ltr'>corrigendo</span> <span class='ocrx_word' id='word_1_22' title='bbox 1365 407 1636 450; x_wconf 89' lang='lat' dir='ltr'>charitatem</span> <span class='ocrx_word' id='word_1_23' title='bbox 1652 406 1814 462; x_wconf 91' lang='lat' dir='ltr'>aliquis</span> <span class='ocrx_word' id='word_1_24' title='bbox 1826 406 2071 462; x_wconf 92' lang='lat' dir='ltr'>suspicare-</span> 
     </span>
     <span class='ocr_line' id='line_1_4' title="bbox 382 477 2069 539; baseline -0.007 -8"><span class='ocrx_word' id='word_1_25' title='bbox 382 496 467 539; x_wconf 86' lang='lat' dir='ltr'>tur,</span> <span class='ocrx_word' id='word_1_26' title='bbox 491 492 569 530; x_wconf 89' lang='lat' dir='ltr'>aut</span> <span class='ocrx_word' id='word_1_27' title='bbox 589 486 637 534; x_wconf 85' lang='lat' dir='ltr'>is,</span> <span class='ocrx_word' id='word_1_28' title='bbox 657 483 734 539; x_wconf 91' lang='lat' dir='ltr'>qui</span> <span class='ocrx_word' id='word_1_29' title='bbox 751 481 1057 524; x_wconf 78' lang='lat' dir='ltr'>dimitteretur</span> <span class='ocrx_word' id='word_1_30' title='bbox 1078 479 1259 534; x_wconf 91' lang='lat' dir='ltr'>culpam</span> <span class='ocrx_word' id='word_1_31' title='bbox 1277 492 1407 520; x_wconf 88' lang='lat' dir='ltr'>suam</span> <span class='ocrx_word' id='word_1_32' title='bbox 1422 477 1468 520; x_wconf 92' lang='lat' dir='ltr'>in</span> <span class='ocrx_word' id='word_1_33' title='bbox 1484 477 1595 520; x_wconf 91' lang='lat' dir='ltr'>alios</span> <span class='ocrx_word' id='word_1_34' title='bbox 1610 477 1776 519; x_wconf 90' lang='lat' dir='ltr'>iniuste</span> <span class='ocrx_word' id='word_1_35' title='bbox 1792 477 2069 520; x_wconf 81' lang='lat' dir='ltr'>transferret.</span> 
     </span>
    </p>

    <p class='ocr_par' dir='ltr' id='par_1_3' title="bbox 380 547 2123 748">
     <span class='ocr_line' id='line_1_5' title="bbox 505 547 2074 604; baseline -0.005 -6"><span class='ocrx_word' id='word_1_36' title='bbox 505 559 569 599; x_wconf 91' lang='lat' dir='ltr'>Ac</span> <span class='ocrx_word' id='word_1_37' title='bbox 601 560 754 596; x_wconf 89' lang='lat' dir='ltr'>tamen</span> <span class='ocrx_word' id='word_1_38' title='bbox 785 550 1036 593; x_wconf 89' lang='lat' dir='ltr'>curandum</span> <span class='ocrx_word' id='word_1_39' title='bbox 1068 549 1166 598; x_wconf 90' lang='lat' dir='ltr'>erit,</span> <span class='ocrx_word' id='word_1_40' title='bbox 1199 554 1252 591; x_wconf 92' lang='lat' dir='ltr'>ut</span> <span class='ocrx_word' id='word_1_41' title='bbox 1284 549 1464 591; x_wconf 86' lang='lat' dir='ltr'>recedat</span> <span class='ocrx_word' id='word_1_42' title='bbox 1487 563 1543 591; x_wconf 89' lang='lat' dir='ltr'>ex</span> <span class='ocrx_word' id='word_1_43' title='bbox 1565 547 1819 596; x_wconf 80' lang='lat' dir='ltr'>seminario,</span> <span class='ocrx_word' id='word_1_44' title='bbox 1853 549 2006 604; x_wconf 90' lang='lat' dir='ltr'>quoad</span> <span class='ocrx_word' id='word_1_45' title='bbox 2026 547 2074 590; x_wconf 93' lang='lat' dir='ltr'>id</span> 
     </span>
     <span class='ocr_line' id='line_1_6' title="bbox 382 618 2123 679; baseline -0.006 -9"><span class='ocrx_word' id='word_1_46' title='bbox 382 629 475 671; x_wconf 88' lang='lat' dir='ltr'>eius</span> <span class='ocrx_word' id='word_1_47' title='bbox 507 625 600 668; x_wconf 87' lang='lat' dir='ltr'>fieri</span> <span class='ocrx_word' id='word_1_48' title='bbox 633 622 814 679; x_wconf 83' lang='lat' dir='ltr'>poterit,</span> <span class='ocrx_word' id='word_1_49' title='bbox 839 621 933 663; x_wconf 90' lang='lat' dir='ltr'>sine</span> <span class='ocrx_word' id='word_1_50' title='bbox 963 620 1179 662; x_wconf 87' lang='lat' dir='ltr'>dedecore</span> <span class='ocrx_word' id='word_1_51' title='bbox 1212 620 1284 662; x_wconf 92' lang='lat' dir='ltr'>vel</span> <span class='ocrx_word' id='word_1_52' title='bbox 1316 619 1576 675; x_wconf 86' lang='lat' dir='ltr'>ignominia,</span> <span class='ocrx_word' id='word_1_53' title='bbox 1612 633 1785 675; x_wconf 89' lang='lat' dir='ltr'>suaque</span> <span class='ocrx_word' id='word_1_54' title='bbox 1817 618 1970 661; x_wconf 90' lang='lat' dir='ltr'>omnia</span> <span class='ocrx_word' id='word_1_55' title='bbox 2005 619 2074 675; x_wconf 91' lang='lat' dir='ltr'>(ut</span> <span class='ocrx_word' id='word_1_56' title='bbox 2105 628 2123 655; x_wconf 87' lang='lat'>5</span> 
     </span>
     <span class='ocr_line' id='line_1_7' title="bbox 380 695 1110 748; baseline -0.011 -8"><span class='ocrx_word' id='word_1_57' title='bbox 380 699 553 740; x_wconf 90' lang='lat' dir='ltr'>dictum</span> <span class='ocrx_word' id='word_1_58' title='bbox 586 695 668 748; x_wconf 89' lang='lat' dir='ltr'>est)</span> <span class='ocrx_word' id='word_1_59' title='bbox 707 707 859 735; x_wconf 91' lang='lat' dir='ltr'>secum</span> <span class='ocrx_word' id='word_1_60' title='bbox 893 695 1110 747; x_wconf 77' lang='lat' dir='ltr'>asportet.</span> 
     </span>
    </p>

    <p class='ocr_par' dir='ltr' id='par_1_4' title="bbox 381 760 2127 1177">
     <span class='ocr_line' id='line_1_8' title="bbox 515 760 2072 822; baseline -0.003 -15"><span class='ocrx_word' id='word_1_61' title='bbox 515 765 648 822; x_wconf 78' lang='lat' dir='ltr'>Quod</span> <span class='ocrx_word' id='word_1_62' title='bbox 691 778 795 806; x_wconf 91' lang='lat' dir='ltr'>cum</span> <span class='ocrx_word' id='word_1_63' title='bbox 840 763 900 805; x_wconf 91' lang='lat' dir='ltr'>ad</span> <span class='ocrx_word' id='word_1_64' title='bbox 943 762 1212 804; x_wconf 86' lang='lat' dir='ltr'>exteriorem</span> <span class='ocrx_word' id='word_1_65' title='bbox 1257 761 1519 804; x_wconf 91' lang='lat' dir='ltr'>dimittendi</span> <span class='ocrx_word' id='word_1_66' title='bbox 1563 760 1788 803; x_wconf 90' lang='lat' dir='ltr'>rationem</span> <span class='ocrx_word' id='word_1_67' title='bbox 1833 760 2072 816; x_wconf 89' lang='lat' dir='ltr'>pertineat,</span> 
     </span>
     <span class='ocr_line' id='line_1_9' title="bbox 382 831 2075 888; baseline -0.004 -8"><span class='ocrx_word' id='word_1_68' title='bbox 382 845 481 880; x_wconf 89' lang='lat' dir='ltr'>tum</span> <span class='ocrx_word' id='word_1_69' title='bbox 513 835 698 878; x_wconf 90' lang='lat' dir='ltr'>interior</span> <span class='ocrx_word' id='word_1_70' title='bbox 729 834 804 876; x_wconf 91' lang='lat' dir='ltr'>illa</span> <span class='ocrx_word' id='word_1_71' title='bbox 836 833 920 875; x_wconf 89' lang='lat' dir='ltr'>erit</span> <span class='ocrx_word' id='word_1_72' title='bbox 954 833 1225 882; x_wconf 87' lang='lat' dir='ltr'>adhibenda,</span> <span class='ocrx_word' id='word_1_73' title='bbox 1261 846 1423 888; x_wconf 91' lang='lat' dir='ltr'>nempe</span> <span class='ocrx_word' id='word_1_74' title='bbox 1455 836 1508 874; x_wconf 91' lang='lat' dir='ltr'>ut</span> <span class='ocrx_word' id='word_1_75' title='bbox 1541 846 1646 874; x_wconf 91' lang='lat' dir='ltr'>cum</span> <span class='ocrx_word' id='word_1_76' title='bbox 1679 831 1903 874; x_wconf 86' lang='lat' dir='ltr'>charitate</span> <span class='ocrx_word' id='word_1_77' title='bbox 1935 836 2075 888; x_wconf 90' lang='lat' dir='ltr'>atque</span> 
     </span>
     <span class='ocr_line' id='line_1_10' title="bbox 381 902 2073 964; baseline -0.005 -12"><span class='ocrx_word' id='word_1_78' title='bbox 381 923 484 964; x_wconf 85' lang='lat' dir='ltr'>erga</span> <span class='ocrx_word' id='word_1_79' title='bbox 531 905 823 949; x_wconf 90' lang='lat' dir='ltr'>seminarium</span> <span class='ocrx_word' id='word_1_80' title='bbox 871 903 1200 955; x_wconf 88' lang='lat' dir='ltr'>benevolentia,</span> <span class='ocrx_word' id='word_1_81' title='bbox 1252 917 1394 959; x_wconf 92' lang='lat' dir='ltr'>eaque</span> <span class='ocrx_word' id='word_1_82' title='bbox 1443 917 1559 959; x_wconf 88' lang='lat' dir='ltr'>quae</span> <span class='ocrx_word' id='word_1_83' title='bbox 1608 902 1776 958; x_wconf 89' lang='lat' dir='ltr'>poterit</span> <span class='ocrx_word' id='word_1_84' title='bbox 1824 903 2073 945; x_wconf 90' lang='lat' dir='ltr'>secundum</span> 
     </span>
     <span class='ocr_line' id='line_1_11' title="bbox 383 973 2127 1031; baseline -0.004 -8"><span class='ocrx_word' id='word_1_85' title='bbox 383 982 529 1023; x_wconf 89' lang='lat' dir='ltr'>Deum</span> <span class='ocrx_word' id='word_1_86' title='bbox 549 976 854 1020; x_wconf 79' lang='lat' dir='ltr'>consolatione</span> <span class='ocrx_word' id='word_1_87' title='bbox 873 975 1013 1031; x_wconf 90' lang='lat' dir='ltr'>ipsius</span> <span class='ocrx_word' id='word_1_88' title='bbox 1033 979 1078 1017; x_wconf 87' lang='lat' dir='ltr'>et</span> <span class='ocrx_word' id='word_1_89' title='bbox 1099 974 1290 1017; x_wconf 91' lang='lat' dir='ltr'>aliorum</span> <span class='ocrx_word' id='word_1_90' title='bbox 1309 973 1622 1016; x_wconf 88' lang='lat' dir='ltr'>aedificatione</span> <span class='ocrx_word' id='word_1_91' title='bbox 1644 973 1861 1016; x_wconf 87' lang='lat' dir='ltr'>discedat.</span> <span class='ocrx_word' id='word_1_92' title='bbox 1886 974 1949 1016; x_wconf 91' lang='lat' dir='ltr'>Ut</span> <span class='ocrx_word' id='word_1_93' title='bbox 1969 987 2076 1016; x_wconf 90' lang='lat' dir='ltr'>vero</span> <span class='ocrx_word' id='word_1_94' title='bbox 2091 981 2127 1010; x_wconf 85' lang='lat'>10</span> 
     </span>
     <span class='ocr_line' id='line_1_12' title="bbox 382 1043 2076 1104; baseline -0.004 -11"><span class='ocrx_word' id='word_1_95' title='bbox 382 1051 428 1092; x_wconf 93' lang='lat' dir='ltr'>in</span> <span class='ocrx_word' id='word_1_96' title='bbox 457 1064 502 1092; x_wconf 88' lang='lat' dir='ltr'>se</span> <span class='ocrx_word' id='word_1_97' title='bbox 531 1049 679 1104; x_wconf 89' lang='lat' dir='ltr'>ipsum</span> <span class='ocrx_word' id='word_1_98' title='bbox 709 1046 918 1102; x_wconf 82' lang='lat' dir='ltr'>prodigat</span> <span class='ocrx_word' id='word_1_99' title='bbox 949 1050 1029 1088; x_wconf 89' lang='lat' dir='ltr'>aut</span> <span class='ocrx_word' id='word_1_100' title='bbox 1060 1045 1334 1088; x_wconf 78' lang='lat' dir='ltr'>facinoribus</span> <span class='ocrx_word' id='word_1_101' title='bbox 1362 1045 1486 1087; x_wconf 90' lang='lat' dir='ltr'>laxet</span> <span class='ocrx_word' id='word_1_102' title='bbox 1516 1045 1731 1093; x_wconf 86' lang='lat' dir='ltr'>habenas,</span> <span class='ocrx_word' id='word_1_103' title='bbox 1763 1044 1800 1086; x_wconf 93' lang='lat' dir='ltr'>is</span> <span class='ocrx_word' id='word_1_104' title='bbox 1829 1044 1943 1087; x_wconf 89' lang='lat' dir='ltr'>serio</span> <span class='ocrx_word' id='word_1_105' title='bbox 1973 1043 2076 1086; x_wconf 91' lang='lat' dir='ltr'>diri-</span> 
     </span>
     <span class='ocr_line' id='line_1_13' title="bbox 381 1115 2073 1177; baseline -0.004 -14"><span class='ocrx_word' id='word_1_106' title='bbox 381 1121 553 1177; x_wconf 85' lang='lat' dir='ltr'>gendus</span> <span class='ocrx_word' id='word_1_107' title='bbox 579 1119 676 1167; x_wconf 91' lang='lat' dir='ltr'>erit,</span> <span class='ocrx_word' id='word_1_108' title='bbox 707 1122 751 1160; x_wconf 90' lang='lat' dir='ltr'>et</span> <span class='ocrx_word' id='word_1_109' title='bbox 779 1122 831 1159; x_wconf 91' lang='lat' dir='ltr'>ut</span> <span class='ocrx_word' id='word_1_110' title='bbox 859 1119 956 1159; x_wconf 90' lang='lat' dir='ltr'>Deo</span> <span class='ocrx_word' id='word_1_111' title='bbox 983 1131 1074 1159; x_wconf 89' lang='lat' dir='ltr'>non</span> <span class='ocrx_word' id='word_1_112' title='bbox 1101 1116 1238 1158; x_wconf 89' lang='lat' dir='ltr'>semel</span> <span class='ocrx_word' id='word_1_113' title='bbox 1265 1115 1621 1165; x_wconf 90' lang='lat' dir='ltr'>commendetur,</span> <span class='ocrx_word' id='word_1_114' title='bbox 1651 1115 1781 1157; x_wconf 90' lang='lat' dir='ltr'>enixe</span> <span class='ocrx_word' id='word_1_115' title='bbox 1807 1115 2073 1157; x_wconf 89' lang='lat' dir='ltr'>curandum.</span> 
     </span>
    </p>

    <p class='ocr_par' dir='ltr' id='par_1_5' title="bbox 384 1185 2130 1598">
     <span class='ocr_line' id='line_1_14' title="bbox 517 1185 2078 1246; baseline -0.003 -14"><span class='ocrx_word' id='word_1_116' title='bbox 517 1190 648 1246; x_wconf 77' lang='lat' dir='ltr'>Quod</span> <span class='ocrx_word' id='word_1_117' title='bbox 679 1189 715 1231; x_wconf 94' lang='lat' dir='ltr'>si</span> <span class='ocrx_word' id='word_1_118' title='bbox 746 1188 818 1230; x_wconf 88' lang='lat' dir='ltr'>vel</span> <span class='ocrx_word' id='word_1_119' title='bbox 849 1187 957 1244; x_wconf 91' lang='lat' dir='ltr'>quia</span> <span class='ocrx_word' id='word_1_120' title='bbox 988 1187 1295 1230; x_wconf 81' lang='lat' dir='ltr'>dimissionem</span> <span class='ocrx_word' id='word_1_121' title='bbox 1326 1188 1444 1229; x_wconf 89' lang='lat' dir='ltr'>hanc</span> <span class='ocrx_word' id='word_1_122' title='bbox 1475 1186 1768 1229; x_wconf 88' lang='lat' dir='ltr'>commeritus</span> <span class='ocrx_word' id='word_1_123' title='bbox 1799 1186 1971 1235; x_wconf 86' lang='lat' dir='ltr'>fuisset,</span> <span class='ocrx_word' id='word_1_124' title='bbox 2006 1185 2078 1228; x_wconf 91' lang='lat' dir='ltr'>vel</span> 
     </span>
     <span class='ocr_line' id='line_1_15' title="bbox 384 1257 2074 1319; baseline -0.004 -15"><span class='ocrx_word' id='word_1_125' title='bbox 384 1262 490 1319; x_wconf 89' lang='lat' dir='ltr'>quia</span> <span class='ocrx_word' id='word_1_126' title='bbox 519 1260 670 1303; x_wconf 89' lang='lat' dir='ltr'>studia</span> <span class='ocrx_word' id='word_1_127' title='bbox 699 1274 780 1302; x_wconf 89' lang='lat' dir='ltr'>sua</span> <span class='ocrx_word' id='word_1_128' title='bbox 809 1259 900 1301; x_wconf 90' lang='lat' dir='ltr'>iam</span> <span class='ocrx_word' id='word_1_129' title='bbox 930 1258 1211 1307; x_wconf 87' lang='lat' dir='ltr'>absolvisset,</span> <span class='ocrx_word' id='word_1_130' title='bbox 1243 1257 1366 1300; x_wconf 89' lang='lat' dir='ltr'>abire</span> <span class='ocrx_word' id='word_1_131' title='bbox 1397 1258 1593 1307; x_wconf 89' lang='lat' dir='ltr'>deberet,</span> <span class='ocrx_word' id='word_1_132' title='bbox 1626 1257 1847 1299; x_wconf 90' lang='lat' dir='ltr'>viaticum</span> <span class='ocrx_word' id='word_1_133' title='bbox 1877 1257 2074 1306; x_wconf 90' lang='lat' dir='ltr'>deberet,</span> 
     </span>
     <span class='ocr_line' id='line_1_16' title="bbox 384 1327 2130 1388; baseline -0.003 -13"><span class='ocrx_word' id='word_1_134' title='bbox 384 1333 604 1388; x_wconf 84' lang='lat' dir='ltr'>intelligat</span> <span class='ocrx_word' id='word_1_135' title='bbox 629 1331 787 1387; x_wconf 90' lang='lat' dir='ltr'>primo,</span> <span class='ocrx_word' id='word_1_136' title='bbox 814 1335 859 1372; x_wconf 92' lang='lat' dir='ltr'>et</span> <span class='ocrx_word' id='word_1_137' title='bbox 883 1329 1069 1386; x_wconf 91' lang='lat' dir='ltr'>quidem</span> <span class='ocrx_word' id='word_1_138' title='bbox 1092 1334 1341 1386; x_wconf 89' lang='lat' dir='ltr'>antequam</span> <span class='ocrx_word' id='word_1_139' title='bbox 1364 1328 1653 1377; x_wconf 89' lang='lat' dir='ltr'>admittatur,</span> <span class='ocrx_word' id='word_1_140' title='bbox 1679 1329 1764 1370; x_wconf 91' lang='lat' dir='ltr'>hoc</span> <span class='ocrx_word' id='word_1_141' title='bbox 1789 1342 1816 1370; x_wconf 90' lang='lat' dir='ltr'>a</span> <span class='ocrx_word' id='word_1_142' title='bbox 1838 1327 2078 1370; x_wconf 91' lang='lat' dir='ltr'>seminario</span> <span class='ocrx_word' id='word_1_143' title='bbox 2094 1336 2130 1364; x_wconf 79' lang='lat'>15</span> 
     </span>
     <span class='ocr_line' id='line_1_17' title="bbox 384 1398 2079 1458; baseline -0.004 -12"><span class='ocrx_word' id='word_1_144' title='bbox 384 1419 474 1446; x_wconf 90' lang='lat' dir='ltr'>non</span> <span class='ocrx_word' id='word_1_145' title='bbox 505 1417 598 1446; x_wconf 89' lang='lat' dir='ltr'>esse</span> <span class='ocrx_word' id='word_1_146' title='bbox 629 1401 968 1458; x_wconf 88' lang='lat' dir='ltr'>praestandum.</span> <span class='ocrx_word' id='word_1_147' title='bbox 1010 1401 1317 1457; x_wconf 78' lang='lat' dir='ltr'>Quamobrem</span> <span class='ocrx_word' id='word_1_148' title='bbox 1348 1399 1499 1456; x_wconf 89' lang='lat' dir='ltr'>siquid</span> <span class='ocrx_word' id='word_1_149' title='bbox 1529 1399 1746 1455; x_wconf 87' lang='lat' dir='ltr'>pecuniae</span> <span class='ocrx_word' id='word_1_150' title='bbox 1777 1413 1883 1442; x_wconf 90' lang='lat' dir='ltr'>cum</span> <span class='ocrx_word' id='word_1_151' title='bbox 1914 1398 2079 1441; x_wconf 90' lang='lat' dir='ltr'>admit-</span> 
     </span>
     <span class='ocr_line' id='line_1_18' title="bbox 385 1469 2079 1528; baseline -0.002 -12"><span class='ocrx_word' id='word_1_152' title='bbox 385 1481 506 1517; x_wconf 87' lang='lat' dir='ltr'>tetur</span> <span class='ocrx_word' id='word_1_153' title='bbox 533 1473 756 1522; x_wconf 89' lang='lat' dir='ltr'>habuerit,</span> <span class='ocrx_word' id='word_1_154' title='bbox 786 1487 888 1515; x_wconf 92' lang='lat' dir='ltr'>eam</span> <span class='ocrx_word' id='word_1_155' title='bbox 916 1472 1119 1528; x_wconf 79' lang='lat' dir='ltr'>profecto</span> <span class='ocrx_word' id='word_1_156' title='bbox 1148 1486 1229 1514; x_wconf 93' lang='lat' dir='ltr'>suo</span> <span class='ocrx_word' id='word_1_157' title='bbox 1257 1471 1329 1513; x_wconf 89' lang='lat' dir='ltr'>vel</span> <span class='ocrx_word' id='word_1_158' title='bbox 1357 1470 1429 1513; x_wconf 94' lang='lat' dir='ltr'>cui</span> <span class='ocrx_word' id='word_1_159' title='bbox 1457 1471 1529 1513; x_wconf 87' lang='lat' dir='ltr'>ille</span> <span class='ocrx_word' id='word_1_160' title='bbox 1557 1470 1775 1526; x_wconf 86' lang='lat' dir='ltr'>iniunget,</span> <span class='ocrx_word' id='word_1_161' title='bbox 1806 1469 2079 1512; x_wconf 86' lang='lat' dir='ltr'>servandam</span> 
     </span>
     <span class='ocr_line' id='line_1_19' title="bbox 386 1541 2006 1598; baseline -0.002 -11"><span class='ocrx_word' id='word_1_162' title='bbox 386 1552 484 1587; x_wconf 88' lang='lat' dir='ltr'>tum</span> <span class='ocrx_word' id='word_1_163' title='bbox 517 1545 576 1587; x_wconf 90' lang='lat' dir='ltr'>ad</span> <span class='ocrx_word' id='word_1_164' title='bbox 607 1559 711 1586; x_wconf 89' lang='lat' dir='ltr'>eum</span> <span class='ocrx_word' id='word_1_165' title='bbox 744 1558 891 1592; x_wconf 91' lang='lat' dir='ltr'>usum,</span> <span class='ocrx_word' id='word_1_166' title='bbox 927 1548 1028 1585; x_wconf 92' lang='lat' dir='ltr'>tum</span> <span class='ocrx_word' id='word_1_167' title='bbox 1062 1543 1122 1585; x_wconf 88' lang='lat' dir='ltr'>ad</span> <span class='ocrx_word' id='word_1_168' title='bbox 1153 1542 1348 1598; x_wconf 90' lang='lat' dir='ltr'>reliquas</span> <span class='ocrx_word' id='word_1_169' title='bbox 1380 1555 1485 1583; x_wconf 88' lang='lat' dir='ltr'>suas</span> <span class='ocrx_word' id='word_1_170' title='bbox 1518 1541 1814 1584; x_wconf 85' lang='lat' dir='ltr'>necessitates</span> <span class='ocrx_word' id='word_1_171' title='bbox 1842 1541 2006 1583; x_wconf 91' lang='lat' dir='ltr'>tradet.</span> 
     </span>
    </p>

    <p class='ocr_par' dir='ltr' id='par_1_6' title="bbox 382 1610 2130 1885">
     <span class='ocr_line' id='line_1_20' title="bbox 513 1610 2077 1672; baseline -0.003 -14"><span class='ocrx_word' id='word_1_172' title='bbox 513 1617 668 1672; x_wconf 88' lang='lat' dir='ltr'>Neque</span> <span class='ocrx_word' id='word_1_173' title='bbox 691 1614 811 1657; x_wconf 90' lang='lat' dir='ltr'>enim</span> <span class='ocrx_word' id='word_1_174' title='bbox 834 1614 1074 1670; x_wconf 89' lang='lat' dir='ltr'>quisquam</span> <span class='ocrx_word' id='word_1_175' title='bbox 1099 1613 1385 1656; x_wconf 84' lang='lat' dir='ltr'>alumnorum</span> <span class='ocrx_word' id='word_1_176' title='bbox 1407 1612 1647 1669; x_wconf 89' lang='lat' dir='ltr'>pecuniam</span> <span class='ocrx_word' id='word_1_177' title='bbox 1663 1611 1858 1654; x_wconf 88' lang='lat' dir='ltr'>retinere</span> <span class='ocrx_word' id='word_1_178' title='bbox 1880 1610 2077 1660; x_wconf 89' lang='lat' dir='ltr'>debebit,</span> 
     </span>
     <span class='ocr_line' id='line_1_21' title="bbox 385 1682 2130 1741; baseline -0.003 -12"><span class='ocrx_word' id='word_1_179' title='bbox 385 1702 440 1730; x_wconf 88' lang='lat' dir='ltr'>ne</span> <span class='ocrx_word' id='word_1_180' title='bbox 467 1692 511 1729; x_wconf 91' lang='lat' dir='ltr'>et</span> <span class='ocrx_word' id='word_1_181' title='bbox 539 1687 598 1729; x_wconf 89' lang='lat' dir='ltr'>ad</span> <span class='ocrx_word' id='word_1_182' title='bbox 624 1687 784 1728; x_wconf 92' lang='lat' dir='ltr'>luxum</span> <span class='ocrx_word' id='word_1_183' title='bbox 811 1690 857 1727; x_wconf 91' lang='lat' dir='ltr'>et</span> <span class='ocrx_word' id='word_1_184' title='bbox 885 1685 945 1728; x_wconf 90' lang='lat' dir='ltr'>ad</span> <span class='ocrx_word' id='word_1_185' title='bbox 970 1685 1124 1741; x_wconf 87' lang='lat' dir='ltr'>gulam</span> <span class='ocrx_word' id='word_1_186' title='bbox 1151 1685 1393 1727; x_wconf 87' lang='lat' dir='ltr'>abutentes</span> <span class='ocrx_word' id='word_1_187' title='bbox 1421 1682 1519 1732; x_wconf 90' lang='lat' dir='ltr'>sibi,</span> <span class='ocrx_word' id='word_1_188' title='bbox 1549 1683 1796 1725; x_wconf 89' lang='lat' dir='ltr'>caeterisve</span> <span class='ocrx_word' id='word_1_189' title='bbox 1823 1683 1913 1724; x_wconf 90' lang='lat' dir='ltr'>sint</span> <span class='ocrx_word' id='word_1_190' title='bbox 1942 1682 2077 1724; x_wconf 91' lang='lat' dir='ltr'>detri-</span> <span class='ocrx_word' id='word_1_191' title='bbox 2094 1692 2130 1719; x_wconf 86' lang='lat'>20</span> 
     </span>
     <span class='ocr_line' id='line_1_22' title="bbox 385 1753 2076 1811; baseline -0.004 -10"><span class='ocrx_word' id='word_1_192' title='bbox 385 1763 549 1801; x_wconf 89' lang='lat' dir='ltr'>mento.</span> <span class='ocrx_word' id='word_1_193' title='bbox 591 1757 745 1800; x_wconf 85' lang='lat' dir='ltr'>Sciant</span> <span class='ocrx_word' id='word_1_194' title='bbox 782 1771 889 1799; x_wconf 91' lang='lat' dir='ltr'>vero</span> <span class='ocrx_word' id='word_1_195' title='bbox 926 1756 1109 1799; x_wconf 90' lang='lat' dir='ltr'>interim</span> <span class='ocrx_word' id='word_1_196' title='bbox 1145 1754 1370 1811; x_wconf 89' lang='lat' dir='ltr'>quidquid</span> <span class='ocrx_word' id='word_1_197' title='bbox 1404 1754 1435 1796; x_wconf 91' lang='lat' dir='ltr'>ii</span> <span class='ocrx_word' id='word_1_198' title='bbox 1471 1754 1746 1797; x_wconf 88' lang='lat' dir='ltr'>servandum</span> <span class='ocrx_word' id='word_1_199' title='bbox 1784 1753 1936 1796; x_wconf 90' lang='lat' dir='ltr'>daturi</span> <span class='ocrx_word' id='word_1_200' title='bbox 1972 1753 2076 1801; x_wconf 92' lang='lat' dir='ltr'>sint,</span> 
     </span>
     <span class='ocr_line' id='line_1_23' title="bbox 382 1826 1144 1885; baseline -0.004 -14"><span class='ocrx_word' id='word_1_201' title='bbox 382 1830 429 1871; x_wconf 95' lang='lat' dir='ltr'>id</span> <span class='ocrx_word' id='word_1_202' title='bbox 459 1828 633 1885; x_wconf 90' lang='lat' dir='ltr'>optima</span> <span class='ocrx_word' id='word_1_203' title='bbox 663 1828 751 1870; x_wconf 88' lang='lat' dir='ltr'>fide</span> <span class='ocrx_word' id='word_1_204' title='bbox 782 1827 1047 1870; x_wconf 88' lang='lat' dir='ltr'>restitutum</span> <span class='ocrx_word' id='word_1_205' title='bbox 1079 1826 1144 1869; x_wconf 90' lang='lat' dir='ltr'>iri.</span> 
     </span>
    </p>
   </div>
   <div class='ocr_carea' id='block_1_3' title="bbox 386 1933 2083 2062">
    <p class='ocr_par' dir='ltr' id='par_1_7' title="bbox 386 1933 2083 2062">
     <span class='ocr_line' id='line_1_24' title="bbox 386 1933 2083 1990; baseline -0.003 -12"><span class='ocrx_word' id='word_1_206' title='bbox 386 1938 451 1978; x_wconf 89' lang='lat' dir='ltr'>De</span> <span class='ocrx_word' id='word_1_207' title='bbox 477 1936 780 1978; x_wconf 78' lang='lat' dir='ltr'>conservandis</span> <span class='ocrx_word' id='word_1_208' title='bbox 806 1941 844 1978; x_wconf 83' lang='lat' dir='ltr'>et</span> <span class='ocrx_word' id='word_1_209' title='bbox 869 1935 1083 1990; x_wconf 76' lang='lat' dir='ltr'>augendis</span> <span class='ocrx_word' id='word_1_210' title='bbox 1108 1936 1159 1976; x_wconf 73' lang='lat' dir='ltr'>in</span> <span class='ocrx_word' id='word_1_211' title='bbox 1185 1934 1305 1976; x_wconf 78' lang='lat' dir='ltr'>omni</span> <span class='ocrx_word' id='word_1_212' title='bbox 1333 1947 1481 1988; x_wconf 79' lang='lat' dir='ltr'>genere</span> <span class='ocrx_word' id='word_1_213' title='bbox 1506 1933 1714 1975; x_wconf 79' lang='lat' dir='ltr'>virtutum</span> <span class='ocrx_word' id='word_1_214' title='bbox 1739 1933 1811 1980; x_wconf 76' lang='lat' dir='ltr'>iis,</span> <span class='ocrx_word' id='word_1_215' title='bbox 1843 1933 1920 1987; x_wconf 79' lang='lat' dir='ltr'>qui</span> <span class='ocrx_word' id='word_1_216' title='bbox 1945 1946 2083 1987; x_wconf 78' lang='lat' dir='ltr'>usque</span> 
     </span>
     <span class='ocr_line' id='line_1_25' title="bbox 627 2004 1840 2062; baseline -0.003 -13"><span class='ocrx_word' id='word_1_217' title='bbox 627 2008 683 2049; x_wconf 87' lang='lat' dir='ltr'>ad</span> <span class='ocrx_word' id='word_1_218' title='bbox 712 2007 995 2062; x_wconf 73' lang='lat' dir='ltr'>praefinitum</span> <span class='ocrx_word' id='word_1_219' title='bbox 1025 2010 1194 2061; x_wconf 70' lang='lat' dir='ltr'>ternpus</span> <span class='ocrx_word' id='word_1_220' title='bbox 1225 2008 1480 2060; x_wconf 76' lang='lat' dir='ltr'>permanent</span> <span class='ocrx_word' id='word_1_221' title='bbox 1510 2004 1560 2046; x_wconf 82' lang='lat' dir='ltr'>in</span> <span class='ocrx_word' id='word_1_222' title='bbox 1591 2004 1840 2046; x_wconf 75' lang='lat' dir='ltr'>seminario.</span> 
     </span>
    </p>
   </div>
   <div class='ocr_carea' id='block_1_4' title="bbox 389 2086 2136 2994">
    <p class='ocr_par' dir='ltr' id='par_1_8' title="bbox 389 2086 2136 2994">
     <span class='ocr_line' id='line_1_26' title="bbox 517 2086 2133 2146; baseline -0.002 -14"><span class='ocrx_word' id='word_1_223' title='bbox 517 2092 629 2133; x_wconf 86' lang='lat' dir='ltr'>Cum</span> <span class='ocrx_word' id='word_1_224' title='bbox 667 2103 964 2146; x_wconf 87' lang='lat' dir='ltr'>quaecunque</span> <span class='ocrx_word' id='word_1_225' title='bbox 1002 2089 1062 2131; x_wconf 90' lang='lat' dir='ltr'>ad</span> <span class='ocrx_word' id='word_1_226' title='bbox 1099 2087 1285 2131; x_wconf 89' lang='lat' dir='ltr'>virtutis</span> <span class='ocrx_word' id='word_1_227' title='bbox 1323 2092 1368 2129; x_wconf 93' lang='lat' dir='ltr'>et</span> <span class='ocrx_word' id='word_1_228' title='bbox 1406 2086 1683 2142; x_wconf 87' lang='lat' dir='ltr'>reliquarum</span> <span class='ocrx_word' id='word_1_229' title='bbox 1721 2100 1872 2129; x_wconf 90' lang='lat' dir='ltr'>rerum</span> <span class='ocrx_word' id='word_1_230' title='bbox 1910 2100 2133 2129; x_wconf 80' lang='lat' dir='ltr'>conser-25</span> 
     </span>
     <span class='ocr_line' id='line_1_27' title="bbox 389 2157 2085 2216; baseline -0.002 -13"><span class='ocrx_word' id='word_1_231' title='bbox 389 2161 618 2204; x_wconf 84' lang='lat' dir='ltr'>vationem</span> <span class='ocrx_word' id='word_1_232' title='bbox 654 2161 700 2202; x_wconf 93' lang='lat' dir='ltr'>in</span> <span class='ocrx_word' id='word_1_233' title='bbox 735 2161 801 2211; x_wconf 91' lang='lat' dir='ltr'>iis,</span> <span class='ocrx_word' id='word_1_234' title='bbox 827 2160 905 2216; x_wconf 93' lang='lat' dir='ltr'>qui</span> <span class='ocrx_word' id='word_1_235' title='bbox 940 2163 1208 2216; x_wconf 88' lang='lat' dir='ltr'>permanent</span> <span class='ocrx_word' id='word_1_236' title='bbox 1244 2158 1291 2200; x_wconf 91' lang='lat' dir='ltr'>in</span> <span class='ocrx_word' id='word_1_237' title='bbox 1327 2157 1578 2208; x_wconf 89' lang='lat' dir='ltr'>seminario,</span> <span class='ocrx_word' id='word_1_238' title='bbox 1604 2157 1664 2199; x_wconf 91' lang='lat' dir='ltr'>ad</span> <span class='ocrx_word' id='word_1_239' title='bbox 1699 2162 1896 2213; x_wconf 91' lang='lat' dir='ltr'>quatuor</span> <span class='ocrx_word' id='word_1_240' title='bbox 1931 2157 2085 2213; x_wconf 89' lang='lat' dir='ltr'>capita</span> 
     </span>
     <span class='ocr_line' id='line_1_28' title="bbox 389 2227 2084 2288; baseline -0.003 -14"><span class='ocrx_word' id='word_1_241' title='bbox 389 2232 539 2274; x_wconf 83' lang='lat' dir='ltr'>referri</span> <span class='ocrx_word' id='word_1_242' title='bbox 562 2232 749 2288; x_wconf 91' lang='lat' dir='ltr'>possint,</span> <span class='ocrx_word' id='word_1_243' title='bbox 774 2231 972 2274; x_wconf 90' lang='lat' dir='ltr'>vestium</span> <span class='ocrx_word' id='word_1_244' title='bbox 994 2235 1040 2273; x_wconf 91' lang='lat' dir='ltr'>et</span> <span class='ocrx_word' id='word_1_245' title='bbox 1061 2231 1290 2279; x_wconf 51' lang='lat' dir='ltr'>librorum,</span> <span class='ocrx_word' id='word_1_246' title='bbox 1311 2243 1425 2285; x_wconf 93' lang='lat' dir='ltr'>quos</span> <span class='ocrx_word' id='word_1_247' title='bbox 1447 2242 1599 2270; x_wconf 88' lang='lat' dir='ltr'>secum</span> <span class='ocrx_word' id='word_1_248' title='bbox 1622 2228 1780 2277; x_wconf 84' lang='lat' dir='ltr'>ferent,</span> <span class='ocrx_word' id='word_1_249' title='bbox 1799 2228 1870 2270; x_wconf 91' lang='lat' dir='ltr'>vel</span> <span class='ocrx_word' id='word_1_250' title='bbox 1893 2227 2084 2270; x_wconf 90' lang='lat' dir='ltr'>subinde</span> 
     </span>
     <span class='ocr_line' id='line_1_29' title="bbox 391 2298 2084 2358; baseline -0.002 -14"><span class='ocrx_word' id='word_1_251' title='bbox 391 2303 647 2352; x_wconf 69' lang='lat' dir='ltr'>coemerint,</span> <span class='ocrx_word' id='word_1_252' title='bbox 689 2303 749 2345; x_wconf 88' lang='lat' dir='ltr'>ad</span> <span class='ocrx_word' id='word_1_253' title='bbox 786 2317 899 2358; x_wconf 91' lang='lat' dir='ltr'>quas</span> <span class='ocrx_word' id='word_1_254' title='bbox 936 2302 1047 2344; x_wconf 91' lang='lat' dir='ltr'>item</span> <span class='ocrx_word' id='word_1_255' title='bbox 1085 2301 1252 2344; x_wconf 88' lang='lat' dir='ltr'>attinet</span> <span class='ocrx_word' id='word_1_256' title='bbox 1291 2299 1550 2348; x_wconf 90' lang='lat' dir='ltr'>mundities,</span> <span class='ocrx_word' id='word_1_257' title='bbox 1598 2303 1643 2341; x_wconf 89' lang='lat' dir='ltr'>et</span> <span class='ocrx_word' id='word_1_258' title='bbox 1682 2298 1831 2341; x_wconf 89' lang='lat' dir='ltr'>cultus</span> <span class='ocrx_word' id='word_1_259' title='bbox 1868 2299 2084 2341; x_wconf 92' lang='lat' dir='ltr'>honestus</span> 
     </span>
     <span class='ocr_line' id='line_1_30' title="bbox 392 2369 2081 2429; baseline -0.003 -13"><span class='ocrx_word' id='word_1_260' title='bbox 392 2388 443 2415; x_wconf 86' lang='lat' dir='ltr'>ac</span> <span class='ocrx_word' id='word_1_261' title='bbox 477 2375 665 2416; x_wconf 88' lang='lat' dir='ltr'>decens:</span> <span class='ocrx_word' id='word_1_262' title='bbox 703 2373 912 2429; x_wconf 89' lang='lat' dir='ltr'>corporis,</span> <span class='ocrx_word' id='word_1_263' title='bbox 949 2372 1076 2414; x_wconf 91' lang='lat' dir='ltr'>cuius</span> <span class='ocrx_word' id='word_1_264' title='bbox 1109 2371 1280 2414; x_wconf 88' lang='lat' dir='ltr'>sanitas</span> <span class='ocrx_word' id='word_1_265' title='bbox 1313 2371 1373 2413; x_wconf 90' lang='lat' dir='ltr'>ad</span> <span class='ocrx_word' id='word_1_266' title='bbox 1406 2370 1490 2413; x_wconf 93' lang='lat' dir='ltr'>Dei</span> <span class='ocrx_word' id='word_1_267' title='bbox 1523 2369 1711 2425; x_wconf 86' lang='lat' dir='ltr'>gloriam</span> <span class='ocrx_word' id='word_1_268' title='bbox 1745 2369 2081 2418; x_wconf 85' lang='lat' dir='ltr'>exercitatione,</span> 
     </span>
     <span class='ocr_line' id='line_1_31' title="bbox 391 2439 2133 2497; baseline -0.002 -11"><span class='ocrx_word' id='word_1_269' title='bbox 391 2445 618 2487; x_wconf 89' lang='lat' dir='ltr'>laboribus</span> <span class='ocrx_word' id='word_1_270' title='bbox 662 2444 908 2487; x_wconf 88' lang='lat' dir='ltr'>moderatis</span> <span class='ocrx_word' id='word_1_271' title='bbox 953 2448 998 2486; x_wconf 91' lang='lat' dir='ltr'>et</span> <span class='ocrx_word' id='word_1_272' title='bbox 1043 2443 1301 2492; x_wconf 91' lang='lat' dir='ltr'>sobrietate,</span> <span class='ocrx_word' id='word_1_273' title='bbox 1353 2446 1528 2497; x_wconf 89' lang='lat' dir='ltr'>quanta</span> <span class='ocrx_word' id='word_1_274' title='bbox 1571 2440 1682 2483; x_wconf 88' lang='lat' dir='ltr'>satis</span> <span class='ocrx_word' id='word_1_275' title='bbox 1726 2446 1807 2489; x_wconf 92' lang='lat' dir='ltr'>est,</span> <span class='ocrx_word' id='word_1_276' title='bbox 1855 2439 2085 2496; x_wconf 88' lang='lat' dir='ltr'>procurari</span> <span class='ocrx_word' id='word_1_277' title='bbox 2098 2455 2133 2482; x_wconf 87' lang='lat'>30</span> 
     </span>
     <span class='ocr_line' id='line_1_32' title="bbox 392 2511 2081 2571; baseline -0.003 -14"><span class='ocrx_word' id='word_1_278' title='bbox 392 2515 538 2564; x_wconf 89' lang='lat' dir='ltr'>debet,</span> <span class='ocrx_word' id='word_1_279' title='bbox 582 2515 720 2557; x_wconf 90' lang='lat' dir='ltr'>animi</span> <span class='ocrx_word' id='word_1_280' title='bbox 752 2515 830 2571; x_wconf 93' lang='lat' dir='ltr'>qui</span> <span class='ocrx_word' id='word_1_281' title='bbox 861 2514 1110 2557; x_wconf 89' lang='lat' dir='ltr'>virtutibus</span> <span class='ocrx_word' id='word_1_282' title='bbox 1136 2519 1181 2556; x_wconf 89' lang='lat' dir='ltr'>et</span> <span class='ocrx_word' id='word_1_283' title='bbox 1208 2513 1441 2555; x_wconf 89' lang='lat' dir='ltr'>literarum</span> <span class='ocrx_word' id='word_1_284' title='bbox 1467 2511 1629 2553; x_wconf 89' lang='lat' dir='ltr'>studiis</span> <span class='ocrx_word' id='word_1_285' title='bbox 1655 2511 1809 2553; x_wconf 88' lang='lat' dir='ltr'>sedulo</span> <span class='ocrx_word' id='word_1_286' title='bbox 1835 2511 2081 2553; x_wconf 88' lang='lat' dir='ltr'>excolatur.</span> 
     </span>
     <span class='ocr_line' id='line_1_33' title="bbox 394 2581 2084 2641; baseline -0.003 -14"><span class='ocrx_word' id='word_1_287' title='bbox 394 2585 583 2627; x_wconf 90' lang='lat' dir='ltr'>Unionis</span> <span class='ocrx_word' id='word_1_288' title='bbox 612 2586 880 2635; x_wconf 91' lang='lat' dir='ltr'>animorum,</span> <span class='ocrx_word' id='word_1_289' title='bbox 912 2600 968 2627; x_wconf 92' lang='lat' dir='ltr'>ne</span> <span class='ocrx_word' id='word_1_290' title='bbox 998 2585 1076 2641; x_wconf 91' lang='lat' dir='ltr'>qui</span> <span class='ocrx_word' id='word_1_291' title='bbox 1106 2584 1312 2639; x_wconf 82' lang='lat' dir='ltr'>Hungari</span> <span class='ocrx_word' id='word_1_292' title='bbox 1342 2587 1448 2625; x_wconf 89' lang='lat' dir='ltr'>sunt</span> <span class='ocrx_word' id='word_1_293' title='bbox 1478 2587 1523 2625; x_wconf 90' lang='lat' dir='ltr'>et</span> <span class='ocrx_word' id='word_1_294' title='bbox 1552 2596 1644 2625; x_wconf 91' lang='lat' dir='ltr'>non</span> <span class='ocrx_word' id='word_1_295' title='bbox 1673 2581 1970 2630; x_wconf 87' lang='lat' dir='ltr'>Transilvani‚</span> <span class='ocrx_word' id='word_1_296' title='bbox 2003 2585 2084 2623; x_wconf 88' lang='lat' dir='ltr'>aut</span> 
     </span>
     <span class='ocr_line' id='line_1_34' title="bbox 397 2651 2085 2710; baseline -0.002 -14"><span class='ocrx_word' id='word_1_297' title='bbox 397 2656 581 2710; x_wconf 79' lang='lat' dir='ltr'>Scytuli,</span> <span class='ocrx_word' id='word_1_298' title='bbox 612 2657 683 2698; x_wconf 84' lang='lat' dir='ltr'>vel</span> <span class='ocrx_word' id='word_1_299' title='bbox 712 2656 1083 2699; x_wconf 88' lang='lat' dir='ltr'>Germanicarum</span> <span class='ocrx_word' id='word_1_300' title='bbox 1112 2660 1192 2697; x_wconf 89' lang='lat' dir='ltr'>aut</span> <span class='ocrx_word' id='word_1_301' title='bbox 1222 2654 1547 2697; x_wconf 83' lang='lat' dir='ltr'>Saxonicarum</span> <span class='ocrx_word' id='word_1_302' title='bbox 1576 2652 1831 2701; x_wconf 90' lang='lat' dir='ltr'>civitatum,</span> <span class='ocrx_word' id='word_1_303' title='bbox 1863 2666 1914 2694; x_wconf 89' lang='lat' dir='ltr'>ac</span> <span class='ocrx_word' id='word_1_304' title='bbox 1943 2651 1979 2694; x_wconf 90' lang='lat' dir='ltr'>si</span> <span class='ocrx_word' id='word_1_305' title='bbox 2008 2651 2085 2707; x_wconf 91' lang='lat' dir='ltr'>qui</span> 
     </span>
     <span class='ocr_line' id='line_1_35' title="bbox 397 2722 2084 2776; baseline -0.001 -11"><span class='ocrx_word' id='word_1_306' title='bbox 397 2725 469 2766; x_wconf 82' lang='lat' dir='ltr'>alii</span> <span class='ocrx_word' id='word_1_307' title='bbox 506 2740 559 2767; x_wconf 84' lang='lat' dir='ltr'>ex</span> <span class='ocrx_word' id='word_1_308' title='bbox 596 2727 793 2776; x_wconf 90' lang='lat' dir='ltr'>Polonia,</span> <span class='ocrx_word' id='word_1_309' title='bbox 831 2728 903 2769; x_wconf 90' lang='lat' dir='ltr'>vel</span> <span class='ocrx_word' id='word_1_310' title='bbox 938 2727 1119 2769; x_wconf 89' lang='lat' dir='ltr'>aliunde</span> <span class='ocrx_word' id='word_1_311' title='bbox 1154 2725 1335 2773; x_wconf 79' lang='lat' dir='ltr'>fuerint,</span> <span class='ocrx_word' id='word_1_312' title='bbox 1360 2724 1554 2766; x_wconf 90' lang='lat' dir='ltr'>invicem</span> <span class='ocrx_word' id='word_1_313' title='bbox 1589 2723 1884 2765; x_wconf 91' lang='lat' dir='ltr'>mordeantur</span> <span class='ocrx_word' id='word_1_314' title='bbox 1918 2726 1998 2764; x_wconf 90' lang='lat' dir='ltr'>aut</span> <span class='ocrx_word' id='word_1_315' title='bbox 2033 2722 2084 2772; x_wconf 87' lang='lat' dir='ltr'>is,</span> 
     </span>
     <span class='ocr_line' id='line_1_36' title="bbox 397 2792 2136 2850; baseline -0.001 -15"><span class='ocrx_word' id='word_1_316' title='bbox 397 2795 473 2850; x_wconf 89' lang='lat' dir='ltr'>qui</span> <span class='ocrx_word' id='word_1_317' title='bbox 502 2796 618 2838; x_wconf 85' lang='lat' dir='ltr'>inter</span> <span class='ocrx_word' id='word_1_318' title='bbox 645 2798 911 2840; x_wconf 87' lang='lat' dir='ltr'>christianos</span> <span class='ocrx_word' id='word_1_319' title='bbox 939 2812 1095 2840; x_wconf 89' lang='lat' dir='ltr'>omnes</span> <span class='ocrx_word' id='word_1_320' title='bbox 1122 2811 1217 2838; x_wconf 90' lang='lat' dir='ltr'>esse</span> <span class='ocrx_word' id='word_1_321' title='bbox 1245 2796 1380 2837; x_wconf 91' lang='lat' dir='ltr'>debet</span> <span class='ocrx_word' id='word_1_322' title='bbox 1408 2799 1596 2837; x_wconf 89' lang='lat' dir='ltr'>mutuus</span> <span class='ocrx_word' id='word_1_323' title='bbox 1624 2808 1762 2842; x_wconf 90' lang='lat' dir='ltr'>amor,</span> <span class='ocrx_word' id='word_1_324' title='bbox 1793 2793 1885 2835; x_wconf 90' lang='lat' dir='ltr'>ulla</span> <span class='ocrx_word' id='word_1_325' title='bbox 1912 2792 2086 2835; x_wconf 90' lang='lat' dir='ltr'>ratione</span> <span class='ocrx_word' id='word_1_326' title='bbox 2101 2808 2136 2835; x_wconf 80' lang='lat'>35</span> 
     </span>
     <span class='ocr_line' id='line_1_37' title="bbox 398 2864 2088 2924; baseline 0 -19"><span class='ocrx_word' id='word_1_327' title='bbox 398 2866 615 2916; x_wconf 72' lang='lat' dir='ltr'>laedatur,</span> <span class='ocrx_word' id='word_1_328' title='bbox 651 2873 888 2924; x_wconf 83' lang='lat' dir='ltr'>propterea</span> <span class='ocrx_word' id='word_1_329' title='bbox 918 2869 1029 2910; x_wconf 88' lang='lat' dir='ltr'>haec</span> <span class='ocrx_word' id='word_1_330' title='bbox 1061 2872 1193 2910; x_wconf 91' lang='lat' dir='ltr'>erunt</span> <span class='ocrx_word' id='word_1_331' title='bbox 1233 2869 1442 2908; x_wconf 88' lang='lat' dir='ltr'>accurate</span> <span class='ocrx_word' id='word_1_332' title='bbox 1487 2864 1722 2912; x_wconf 89' lang='lat' dir='ltr'>servanda,</span> <span class='ocrx_word' id='word_1_333' title='bbox 1772 2878 1888 2920; x_wconf 88' lang='lat' dir='ltr'>quae</span> <span class='ocrx_word' id='word_1_334' title='bbox 1933 2868 2088 2906; x_wconf 90' lang='lat' dir='ltr'>tamen</span> 
     </span>
     <span class='ocr_line' id='line_1_38' title="bbox 399 2934 2084 2994; baseline 0 -18"><span class='ocrx_word' id='word_1_335' title='bbox 399 2935 538 2977; x_wconf 81' lang='lat' dir='ltr'>fusius</span> <span class='ocrx_word' id='word_1_336' title='bbox 570 2937 615 2978; x_wconf 89' lang='lat' dir='ltr'>in</span> <span class='ocrx_word' id='word_1_337' title='bbox 649 2938 700 2979; x_wconf 91' lang='lat' dir='ltr'>iis</span> <span class='ocrx_word' id='word_1_338' title='bbox 733 2939 906 2994; x_wconf 81' lang='lat' dir='ltr'>regulis,</span> <span class='ocrx_word' id='word_1_339' title='bbox 932 2939 987 2981; x_wconf 85' lang='lat' dir='ltr'>de</span> <span class='ocrx_word' id='word_1_340' title='bbox 1021 2939 1186 2994; x_wconf 89' lang='lat' dir='ltr'>quibus</span> <span class='ocrx_word' id='word_1_341' title='bbox 1219 2935 1422 2992; x_wconf 91' lang='lat' dir='ltr'>superius</span> <span class='ocrx_word' id='word_1_342' title='bbox 1455 2935 1688 2990; x_wconf 89' lang='lat' dir='ltr'>scriptum,</span> <span class='ocrx_word' id='word_1_343' title='bbox 1724 2934 2084 2990; x_wconf 88' lang='lat' dir='ltr'>explicabuntur.</span> 
     </span>
    </p>
   </div>
   <div class='ocr_carea' id='block_1_5' title="bbox 648 3042 1832 3100">
    <p class='ocr_par' dir='ltr' id='par_1_9' title="bbox 648 3042 1832 3100">
     <span class='ocr_line' id='line_1_39' title="bbox 648 3042 1832 3100; baseline -0.003 -13"><span class='ocrx_word' id='word_1_344' title='bbox 648 3046 889 3089; x_wconf 74' lang='lat' dir='ltr'>Senzinarz&#39;z&#39;</span> <span class='ocrx_word' id='word_1_345' title='bbox 920 3047 1172 3090; x_wconf 76' lang='lat' dir='ltr'>administri</span> <span class='ocrx_word' id='word_1_346' title='bbox 1203 3050 1240 3087; x_wconf 82' lang='lat' dir='ltr'>et</span> <span class='ocrx_word' id='word_1_347' title='bbox 1272 3045 1349 3100; x_wconf 79' lang='lat' dir='ltr'>qui</span> <span class='ocrx_word' id='word_1_348' title='bbox 1378 3048 1583 3086; x_wconf 78' lang='lat' dir='ltr'>vocantur</span> <span class='ocrx_word' id='word_1_349' title='bbox 1614 3042 1832 3096; x_wconf 72' lang='lat' dir='ltr'>officiales.</span> 
     </span>
    </p>
   </div>
   <div class='ocr_carea' id='block_1_6' title="bbox 401 3125 2186 3256">
    <p class='ocr_par' dir='ltr' id='par_1_10' title="bbox 401 3125 2186 3256">
     <span class='ocr_line' id='line_1_40' title="bbox 527 3125 2089 3184; baseline -0.001 -17"><span class='ocrx_word' id='word_1_350' title='bbox 527 3127 650 3169; x_wconf 90' lang='lat' dir='ltr'>Licet</span> <span class='ocrx_word' id='word_1_351' title='bbox 672 3128 820 3184; x_wconf 92' lang='lat' dir='ltr'>ipsum</span> <span class='ocrx_word' id='word_1_352' title='bbox 842 3128 1068 3177; x_wconf 81' lang='lat' dir='ltr'>seminarii</span> <span class='ocrx_word' id='word_1_353' title='bbox 1090 3132 1371 3171; x_wconf 90' lang='lat' dir='ltr'>crementum</span> <span class='ocrx_word' id='word_1_354' title='bbox 1392 3127 1615 3175; x_wconf 91' lang='lat' dir='ltr'>ostendet,</span> <span class='ocrx_word' id='word_1_355' title='bbox 1648 3125 1816 3168; x_wconf 90' lang='lat' dir='ltr'>maiore</span> <span class='ocrx_word' id='word_1_356' title='bbox 1848 3139 1961 3181; x_wconf 93' lang='lat' dir='ltr'>opus</span> <span class='ocrx_word' id='word_1_357' title='bbox 1995 3138 2089 3166; x_wconf 90' lang='lat' dir='ltr'>esse</span> 
     </span>
     <span class='ocr_line' id='line_1_41' title="bbox 401 3195 2186 3256; baseline 0.003 -20"><span class='ocrx_word' id='word_1_358' title='bbox 401 3209 584 3238; x_wconf 83' lang='lat' dir='ltr'>numero</span> <span class='ocrx_word' id='word_1_359' title='bbox 616 3212 781 3249; x_wconf 86' lang='lat' dir='ltr'>eorum,</span> <span class='ocrx_word' id='word_1_360' title='bbox 808 3214 946 3255; x_wconf 87' lang='lat' dir='ltr'>quam</span> <span class='ocrx_word' id='word_1_361' title='bbox 970 3201 1047 3256; x_wconf 89' lang='lat' dir='ltr'>qui</span> <span class='ocrx_word' id='word_1_362' title='bbox 1075 3200 1211 3242; x_wconf 89' lang='lat' dir='ltr'>modo</span> <span class='ocrx_word' id='word_1_363' title='bbox 1239 3197 1380 3254; x_wconf 90' lang='lat' dir='ltr'>ipsius</span> <span class='ocrx_word' id='word_1_364' title='bbox 1407 3211 1541 3239; x_wconf 88' lang='lat' dir='ltr'>curae</span> <span class='ocrx_word' id='word_1_365' title='bbox 1562 3201 1669 3239; x_wconf 92' lang='lat' dir='ltr'>sunt</span> <span class='ocrx_word' id='word_1_366' title='bbox 1689 3195 1946 3244; x_wconf 84' lang='lat' dir='ltr'>adhibendi,</span> <span class='ocrx_word' id='word_1_367' title='bbox 1970 3208 2090 3237; x_wconf 90' lang='lat' dir='ltr'>nunc</span> <span class='ocrx_word' id='word_1_368' title='bbox 2104 3214 2141 3240; x_wconf 79' lang='lat'>40</span> <span class='ocrx_word' id='word_1_369' title='bbox 2181 3235 2186 3245; x_wconf 69' lang='grc'>,,</span> 
     </span>
    </p>
   </div>
   <div class='ocr_carea' id='block_1_7' title="bbox 2180 3248 2187 3535">
    <p class='ocr_par' dir='ltr' id='par_1_11' title="bbox 2180 3115 2187 3535">
     <span class='ocr_line' id='line_1_42' title="bbox 2180 3248 2187 3535; baseline 0 -306"><span class='ocrx_word' id='word_1_370' title='bbox 2180 3248 2187 3535; x_wconf 46' lang='lat' dir='ltr'>J</span> 
     </span>
    </p>
   </div>
  </div>
 </body>
</html>
