<?xml version="1.0" encoding="UTF-8"?>
<!DOCTYPE html PUBLIC "-//W3C//DTD XHTML 1.0 Transitional//EN"
    "http://www.w3.org/TR/xhtml1/DTD/xhtml1-transitional.dtd">
<html xmlns="http://www.w3.org/1999/xhtml" xml:lang="en" lang="en">
 <head>
  <title>
</title>
<meta http-equiv="Content-Type" content="text/html;charset=utf-8" />
  <meta name='ocr-system' content='tesseract 3.04.00' />
  <meta name='ocr-capabilities' content='ocr_page ocr_carea ocr_par ocr_line ocrx_word'/>
</head>
<body>
  <div class='ocr_page' id='page_1' title='image "./epistolaeetactaj01vereuoft_0327.png"; bbox 0 0 2188 3535; ppageno 0'>
   <div class='ocr_carea' id='block_1_1' title="bbox 151 198 1842 246">
    <p class='ocr_par' dir='ltr' id='par_1_1' title="bbox 151 198 1842 246">
     <span class='ocr_line' id='line_1_1' title="bbox 151 198 1842 246; baseline -0.001 -10"><span class='ocrx_word' id='word_1_1' title='bbox 151 200 245 246; x_wconf 82' lang='lat'>1583</span> <span class='ocrx_word' id='word_1_2' title='bbox 280 198 419 234; x_wconf 73' lang='lat' dir='ltr'>marcz.</span> <span class='ocrx_word' id='word_1_3' title='bbox 458 202 520 246; x_wconf 87' lang='lat'>15]</span> <span class='ocrx_word' id='word_1_4' title='bbox 917 200 992 235; x_wconf 92' lang='lat' dir='ltr'>No.</span> <span class='ocrx_word' id='word_1_5' title='bbox 1025 200 1070 234; x_wconf 89' lang='lat'>88</span> <span class='ocrx_word' id='word_1_6' title='bbox 1773 200 1842 244; x_wconf 84' lang='lat'>263</span> 
     </span>
    </p>
   </div>
   <div class='ocr_carea' id='block_1_2' title="bbox 91 314 1846 3192">
    <p class='ocr_par' dir='ltr' id='par_1_2' title="bbox 91 314 1846 3192">
     <span class='ocr_line' id='line_1_2' title="bbox 146 314 1846 373; baseline -0.001 -13"><span class='ocrx_word' id='word_1_7' title='bbox 146 321 192 360; x_wconf 94' lang='lat' dir='ltr'>et</span> <span class='ocrx_word' id='word_1_8' title='bbox 225 314 524 366; x_wconf 88' lang='lat' dir='ltr'>institutione,</span> <span class='ocrx_word' id='word_1_9' title='bbox 561 322 606 360; x_wconf 92' lang='lat' dir='ltr'>et</span> <span class='ocrx_word' id='word_1_10' title='bbox 641 317 934 373; x_wconf 90' lang='lat' dir='ltr'>antiquorum</span> <span class='ocrx_word' id='word_1_11' title='bbox 968 316 1282 373; x_wconf 78' lang='lat' dir='ltr'>abrogatione,</span> <span class='ocrx_word' id='word_1_12' title='bbox 1319 330 1422 360; x_wconf 91' lang='lat' dir='ltr'>cum</span> <span class='ocrx_word' id='word_1_13' title='bbox 1456 316 1656 360; x_wconf 90' lang='lat' dir='ltr'>maximo</span> <span class='ocrx_word' id='word_1_14' title='bbox 1691 317 1846 373; x_wconf 90' lang='lat' dir='ltr'>populi</span> 
     </span>
     <span class='ocr_line' id='line_1_3' title="bbox 145 387 1846 443; baseline 0.001 -14"><span class='ocrx_word' id='word_1_15' title='bbox 145 387 389 439; x_wconf 83' lang='lat' dir='ltr'>scandalo;</span> <span class='ocrx_word' id='word_1_16' title='bbox 433 387 481 430; x_wconf 90' lang='lat' dir='ltr'>in</span> <span class='ocrx_word' id='word_1_17' title='bbox 522 401 707 430; x_wconf 89' lang='lat' dir='ltr'>causam</span> <span class='ocrx_word' id='word_1_18' title='bbox 750 387 979 443; x_wconf 82' lang='lat' dir='ltr'>sanguinis</span> <span class='ocrx_word' id='word_1_19' title='bbox 1023 402 1069 430; x_wconf 94' lang='lat' dir='ltr'>se</span> <span class='ocrx_word' id='word_1_20' title='bbox 1117 387 1424 436; x_wconf 91' lang='lat' dir='ltr'>immiscendo,</span> <span class='ocrx_word' id='word_1_21' title='bbox 1470 387 1666 430; x_wconf 91' lang='lat' dir='ltr'>iubendo</span> <span class='ocrx_word' id='word_1_22' title='bbox 1710 387 1846 430; x_wconf 89' lang='lat' dir='ltr'>inter-</span> 
     </span>
     <span class='ocr_line' id='line_1_4' title="bbox 144 457 1846 514; baseline 0 -14"><span class='ocrx_word' id='word_1_23' title='bbox 144 458 274 500; x_wconf 89' lang='lat' dir='ltr'>ficere</span> <span class='ocrx_word' id='word_1_24' title='bbox 306 471 404 501; x_wconf 92' lang='lat' dir='ltr'>reos</span> <span class='ocrx_word' id='word_1_25' title='bbox 436 462 481 500; x_wconf 93' lang='lat' dir='ltr'>et</span> <span class='ocrx_word' id='word_1_26' title='bbox 512 458 648 500; x_wconf 92' lang='lat' dir='ltr'>semel</span> <span class='ocrx_word' id='word_1_27' title='bbox 671 458 784 500; x_wconf 91' lang='lat' dir='ltr'>duos</span> <span class='ocrx_word' id='word_1_28' title='bbox 819 458 960 501; x_wconf 90' lang='lat' dir='ltr'>etiam</span> <span class='ocrx_word' id='word_1_29' title='bbox 1002 458 1264 500; x_wconf 89' lang='lat' dir='ltr'>innocentes</span> <span class='ocrx_word' id='word_1_30' title='bbox 1282 472 1290 508; x_wconf 87' lang='lat'>;</span> <span class='ocrx_word' id='word_1_31' title='bbox 1330 458 1430 514; x_wconf 91' lang='lat' dir='ltr'>plus</span> <span class='ocrx_word' id='word_1_32' title='bbox 1461 472 1600 514; x_wconf 92' lang='lat' dir='ltr'>quam</span> <span class='ocrx_word' id='word_1_33' title='bbox 1636 457 1846 514; x_wconf 87' lang='lat' dir='ltr'>viginties</span> 
     </span>
     <span class='ocr_line' id='line_1_5' title="bbox 146 527 1845 584; baseline 0.002 -15"><span class='ocrx_word' id='word_1_34' title='bbox 146 527 294 571; x_wconf 83' lang='lat' dir='ltr'>factus</span> <span class='ocrx_word' id='word_1_35' title='bbox 334 533 403 571; x_wconf 93' lang='lat' dir='ltr'>est</span> <span class='ocrx_word' id='word_1_36' title='bbox 443 527 707 584; x_wconf 86' lang='lat' dir='ltr'>irregularis.</span> <span class='ocrx_word' id='word_1_37' title='bbox 751 530 797 571; x_wconf 88' lang='lat'>2⁰</span> <span class='ocrx_word' id='word_1_38' title='bbox 838 528 1105 571; x_wconf 78' lang='lat' dir='ltr'>Introduxit</span> <span class='ocrx_word' id='word_1_39' title='bbox 1147 543 1318 571; x_wconf 88' lang='lat' dir='ltr'>novum</span> <span class='ocrx_word' id='word_1_40' title='bbox 1358 529 1548 571; x_wconf 91' lang='lat' dir='ltr'>modum</span> <span class='ocrx_word' id='word_1_41' title='bbox 1581 529 1845 572; x_wconf 90' lang='lat' dir='ltr'>Polonieum</span> 
     </span>
     <span class='ocr_line' id='line_1_6' title="bbox 96 598 1844 642; baseline 0.001 -1"><span class='ocrx_word' id='word_1_42' title='bbox 96 613 114 641; x_wconf 88' lang='lat'>5</span> <span class='ocrx_word' id='word_1_43' title='bbox 144 598 341 641; x_wconf 88' lang='lat' dir='ltr'>vexandi</span> <span class='ocrx_word' id='word_1_44' title='bbox 372 598 605 641; x_wconf 88' lang='lat' dir='ltr'>subditos:</span> <span class='ocrx_word' id='word_1_45' title='bbox 651 599 895 641; x_wconf 90' lang='lat' dir='ltr'>detinendo</span> <span class='ocrx_word' id='word_1_46' title='bbox 936 599 1008 641; x_wconf 91' lang='lat' dir='ltr'>hic</span> <span class='ocrx_word' id='word_1_47' title='bbox 1050 599 1121 641; x_wconf 85' lang='lat' dir='ltr'>vel</span> <span class='ocrx_word' id='word_1_48' title='bbox 1162 598 1209 641; x_wconf 92' lang='lat' dir='ltr'>in</span> <span class='ocrx_word' id='word_1_49' title='bbox 1250 600 1483 642; x_wconf 89' lang='lat' dir='ltr'>Monostor</span> <span class='ocrx_word' id='word_1_50' title='bbox 1523 599 1569 641; x_wconf 90' lang='lat' dir='ltr'>in</span> <span class='ocrx_word' id='word_1_51' title='bbox 1610 599 1844 642; x_wconf 85' lang='lat' dir='ltr'>laboribus</span> 
     </span>
     <span class='ocr_line' id='line_1_7' title="bbox 144 668 1842 725; baseline 0.001 -15"><span class='ocrx_word' id='word_1_52' title='bbox 144 668 352 719; x_wconf 77' lang='lat' dir='ltr'>fabricae,</span> <span class='ocrx_word' id='word_1_53' title='bbox 378 683 498 712; x_wconf 92' lang='lat' dir='ltr'>nunc</span> <span class='ocrx_word' id='word_1_54' title='bbox 523 681 589 718; x_wconf 90' lang='lat'>10,</span> <span class='ocrx_word' id='word_1_55' title='bbox 620 683 740 712; x_wconf 92' lang='lat' dir='ltr'>nunc</span> <span class='ocrx_word' id='word_1_56' title='bbox 769 670 794 712; x_wconf 83' lang='lat'><em>8</em></span> <span class='ocrx_word' id='word_1_57' title='bbox 824 669 1030 712; x_wconf 90' lang='lat' dir='ltr'>subditos</span> <span class='ocrx_word' id='word_1_58' title='bbox 1059 674 1299 725; x_wconf 78' lang='lat' dir='ltr'>tamquam</span> <span class='ocrx_word' id='word_1_59' title='bbox 1327 669 1582 725; x_wconf 85' lang='lat' dir='ltr'>mancipia;</span> <span class='ocrx_word' id='word_1_60' title='bbox 1614 669 1725 712; x_wconf 79' lang='lat' dir='ltr'>nihil</span> <span class='ocrx_word' id='word_1_61' title='bbox 1755 669 1842 712; x_wconf 92' lang='lat' dir='ltr'>illis</span> 
     </span>
     <span class='ocr_line' id='line_1_8' title="bbox 147 739 1840 796; baseline 0.001 -15"><span class='ocrx_word' id='word_1_62' title='bbox 147 739 246 789; x_wconf 90' lang='lat' dir='ltr'>cibi,</span> <span class='ocrx_word' id='word_1_63' title='bbox 268 754 350 783; x_wconf 91' lang='lat' dir='ltr'>nec</span> <span class='ocrx_word' id='word_1_64' title='bbox 370 744 508 796; x_wconf 89' lang='lat' dir='ltr'>potus</span> <span class='ocrx_word' id='word_1_65' title='bbox 525 740 781 795; x_wconf 91' lang='lat' dir='ltr'>praebendo</span> <span class='ocrx_word' id='word_1_66' title='bbox 803 754 810 782; x_wconf 89' lang='lat'><strong>:</strong></span> <span class='ocrx_word' id='word_1_67' title='bbox 833 740 918 795; x_wconf 90' lang='lat' dir='ltr'>ipsi</span> <span class='ocrx_word' id='word_1_68' title='bbox 937 740 1165 782; x_wconf 79' lang='lat' dir='ltr'>debebant</span> <span class='ocrx_word' id='word_1_69' title='bbox 1187 739 1271 782; x_wconf 90' lang='lat' dir='ltr'>sibi</span> <span class='ocrx_word' id='word_1_70' title='bbox 1290 740 1506 783; x_wconf 89' lang='lat' dir='ltr'>alimenta</span> <span class='ocrx_word' id='word_1_71' title='bbox 1526 740 1639 783; x_wconf 82' lang='lat' dir='ltr'>ferre</span> <span class='ocrx_word' id='word_1_72' title='bbox 1659 755 1683 783; x_wconf 94' lang='lat' dir='ltr'>e</span> <span class='ocrx_word' id='word_1_73' title='bbox 1703 740 1840 783; x_wconf 92' lang='lat' dir='ltr'>domo</span> 
     </span>
     <span class='ocr_line' id='line_1_9' title="bbox 144 810 1842 859; baseline -0.001 -6"><span class='ocrx_word' id='word_1_74' title='bbox 144 824 238 859; x_wconf 91' lang='lat' dir='ltr'>sua,</span> <span class='ocrx_word' id='word_1_75' title='bbox 267 810 304 853; x_wconf 92' lang='lat' dir='ltr'>si</span> <span class='ocrx_word' id='word_1_76' title='bbox 331 811 547 853; x_wconf 87' lang='lat' dir='ltr'>volebant</span> <span class='ocrx_word' id='word_1_77' title='bbox 575 811 820 853; x_wconf 84' lang='lat' dir='ltr'>comedere.</span> <span class='ocrx_word' id='word_1_78' title='bbox 844 811 1066 853; x_wconf 88' lang='lat' dir='ltr'>Visitator</span> <span class='ocrx_word' id='word_1_79' title='bbox 1088 812 1134 853; x_wconf 90' lang='lat' dir='ltr'>P.</span> <span class='ocrx_word' id='word_1_80' title='bbox 1162 810 1434 859; x_wconf 89' lang='lat' dir='ltr'>Carminata,</span> <span class='ocrx_word' id='word_1_81' title='bbox 1465 825 1569 854; x_wconf 91' lang='lat' dir='ltr'>curn</span> <span class='ocrx_word' id='word_1_82' title='bbox 1595 811 1682 853; x_wconf 95' lang='lat' dir='ltr'>hoc</span> <span class='ocrx_word' id='word_1_83' title='bbox 1710 810 1842 853; x_wconf 86' lang='lat' dir='ltr'>intel-</span> 
     </span>
     <span class='ocr_line' id='line_1_10' title="bbox 142 880 1842 937; baseline 0.001 -15"><span class='ocrx_word' id='word_1_84' title='bbox 142 880 339 931; x_wconf 88' lang='lat' dir='ltr'>lexisset,</span> <span class='ocrx_word' id='word_1_85' title='bbox 376 881 680 930; x_wconf 89' lang='lat' dir='ltr'>ordinaverat,</span> <span class='ocrx_word' id='word_1_86' title='bbox 716 881 831 924; x_wconf 92' lang='lat' dir='ltr'>sicut</span> <span class='ocrx_word' id='word_1_87' title='bbox 871 887 915 923; x_wconf 91' lang='lat' dir='ltr'>et</span> <span class='ocrx_word' id='word_1_88' title='bbox 955 881 1100 924; x_wconf 91' lang='lat' dir='ltr'>coloni</span> <span class='ocrx_word' id='word_1_89' title='bbox 1139 882 1198 923; x_wconf 90' lang='lat' dir='ltr'>ab</span> <span class='ocrx_word' id='word_1_90' title='bbox 1237 896 1287 923; x_wconf 92' lang='lat' dir='ltr'>eo</span> <span class='ocrx_word' id='word_1_91' title='bbox 1330 881 1568 937; x_wconf 90' lang='lat' dir='ltr'>petierant,</span> <span class='ocrx_word' id='word_1_92' title='bbox 1609 887 1661 923; x_wconf 91' lang='lat' dir='ltr'>ut</span> <span class='ocrx_word' id='word_1_93' title='bbox 1702 895 1842 937; x_wconf 89' lang='lat' dir='ltr'>panes</span> 
     </span>
     <span class='ocr_line' id='line_1_11' title="bbox 96 951 1842 1008; baseline 0 -14"><span class='ocrx_word' id='word_1_94' title='bbox 96 966 131 994; x_wconf 91' lang='lat'>10</span> <span class='ocrx_word' id='word_1_95' title='bbox 146 955 192 993; x_wconf 86' lang='lat' dir='ltr'>et</span> <span class='ocrx_word' id='word_1_96' title='bbox 215 951 374 994; x_wconf 86' lang='lat' dir='ltr'>vinum</span> <span class='ocrx_word' id='word_1_97' title='bbox 396 951 495 1001; x_wconf 84' lang='lat' dir='ltr'>illis,</span> <span class='ocrx_word' id='word_1_98' title='bbox 520 952 702 1008; x_wconf 89' lang='lat' dir='ltr'>quando</span> <span class='ocrx_word' id='word_1_99' title='bbox 722 952 991 1002; x_wconf 90' lang='lat' dir='ltr'>laborarent,</span> <span class='ocrx_word' id='word_1_100' title='bbox 1011 952 1346 1008; x_wconf 83' lang='lat' dir='ltr'>praeberentur.</span> <span class='ocrx_word' id='word_1_101' title='bbox 1366 951 1454 994; x_wconf 82' lang='lat' dir='ltr'>Sed</span> <span class='ocrx_word' id='word_1_102' title='bbox 1475 966 1565 994; x_wconf 91' lang='lat' dir='ltr'>non</span> <span class='ocrx_word' id='word_1_103' title='bbox 1587 956 1655 994; x_wconf 88' lang='lat' dir='ltr'>est</span> <span class='ocrx_word' id='word_1_104' title='bbox 1678 952 1842 995; x_wconf 90' lang='lat' dir='ltr'>datum</span> 
     </span>
     <span class='ocr_line' id='line_1_12' title="bbox 146 1021 1840 1079; baseline 0.001 -16"><span class='ocrx_word' id='word_1_105' title='bbox 146 1021 233 1064; x_wconf 92' lang='lat' dir='ltr'>nisi</span> <span class='ocrx_word' id='word_1_106' title='bbox 265 1021 364 1071; x_wconf 88' lang='lat' dir='ltr'>iHis,</span> <span class='ocrx_word' id='word_1_107' title='bbox 401 1023 480 1079; x_wconf 90' lang='lat' dir='ltr'>qui</span> <span class='ocrx_word' id='word_1_108' title='bbox 511 1023 584 1065; x_wconf 91' lang='lat' dir='ltr'>hic</span> <span class='ocrx_word' id='word_1_109' title='bbox 617 1022 663 1064; x_wconf 93' lang='lat' dir='ltr'>in</span> <span class='ocrx_word' id='word_1_110' title='bbox 697 1022 878 1078; x_wconf 90' lang='lat' dir='ltr'>collegio</span> <span class='ocrx_word' id='word_1_111' title='bbox 912 1023 1189 1065; x_wconf 88' lang='lat' dir='ltr'>laborarunt.</span> <span class='ocrx_word' id='word_1_112' title='bbox 1226 1022 1357 1063; x_wconf 90' lang='lat' dir='ltr'>Nunc</span> <span class='ocrx_word' id='word_1_113' title='bbox 1391 1021 1530 1065; x_wconf 89' lang='lat' dir='ltr'>etiam</span> <span class='ocrx_word' id='word_1_114' title='bbox 1563 1022 1840 1078; x_wconf 90' lang='lat' dir='ltr'>compellunt</span> 
     </span>
     <span class='ocr_line' id='line_1_13' title="bbox 147 1091 1840 1148; baseline 0.001 -14"><span class='ocrx_word' id='word_1_115' title='bbox 147 1092 299 1135; x_wconf 91' lang='lat' dir='ltr'>venire</span> <span class='ocrx_word' id='word_1_116' title='bbox 338 1093 531 1136; x_wconf 91' lang='lat' dir='ltr'>rusticos</span> <span class='ocrx_word' id='word_1_117' title='bbox 569 1108 596 1135; x_wconf 92' lang='lat' dir='ltr'>a</span> <span class='ocrx_word' id='word_1_118' title='bbox 634 1093 811 1135; x_wconf 91' lang='lat' dir='ltr'>duobus</span> <span class='ocrx_word' id='word_1_119' title='bbox 850 1093 1113 1136; x_wconf 82' lang='lat' dir='ltr'>milliaribus</span> <span class='ocrx_word' id='word_1_120' title='bbox 1152 1091 1387 1148; x_wconf 88' lang='lat' dir='ltr'>Ungaricis</span> <span class='ocrx_word' id='word_1_121' title='bbox 1425 1106 1529 1134; x_wconf 91' lang='lat' dir='ltr'>cum</span> <span class='ocrx_word' id='word_1_122' title='bbox 1567 1092 1657 1134; x_wconf 89' lang='lat' dir='ltr'>suis</span> <span class='ocrx_word' id='word_1_123' title='bbox 1695 1093 1840 1136; x_wconf 88' lang='lat' dir='ltr'>bobus</span> 
     </span>
     <span class='ocr_line' id='line_1_14' title="bbox 147 1162 1841 1220; baseline 0.001 -15"><span class='ocrx_word' id='word_1_124' title='bbox 147 1168 193 1205; x_wconf 87' lang='lat' dir='ltr'>et</span> <span class='ocrx_word' id='word_1_125' title='bbox 228 1178 374 1213; x_wconf 88' lang='lat' dir='ltr'>curru,</span> <span class='ocrx_word' id='word_1_126' title='bbox 410 1169 463 1206; x_wconf 89' lang='lat' dir='ltr'>ut</span> <span class='ocrx_word' id='word_1_127' title='bbox 497 1164 618 1220; x_wconf 89' lang='lat' dir='ltr'>ligna</span> <span class='ocrx_word' id='word_1_128' title='bbox 653 1164 823 1206; x_wconf 89' lang='lat' dir='ltr'>vehant</span> <span class='ocrx_word' id='word_1_129' title='bbox 859 1169 958 1206; x_wconf 90' lang='lat' dir='ltr'>tota</span> <span class='ocrx_word' id='word_1_130' title='bbox 992 1163 1307 1212; x_wconf 89' lang='lat' dir='ltr'>hebdomada;</span> <span class='ocrx_word' id='word_1_131' title='bbox 1345 1168 1389 1205; x_wconf 93' lang='lat' dir='ltr'>et</span> <span class='ocrx_word' id='word_1_132' title='bbox 1424 1162 1603 1218; x_wconf 90' lang='lat' dir='ltr'>ipsimet</span> <span class='ocrx_word' id='word_1_133' title='bbox 1638 1162 1755 1205; x_wconf 89' lang='lat' dir='ltr'>inter</span> <span class='ocrx_word' id='word_1_134' title='bbox 1788 1177 1841 1206; x_wconf 89' lang='lat' dir='ltr'>ea</span> 
     </span>
     <span class='ocr_line' id='line_1_15' title="bbox 147 1233 1836 1291; baseline -0.001 -15"><span class='ocrx_word' id='word_1_135' title='bbox 147 1233 232 1276; x_wconf 90' lang='lat' dir='ltr'>sibi</span> <span class='ocrx_word' id='word_1_136' title='bbox 254 1233 503 1291; x_wconf 90' lang='lat' dir='ltr'>hospitium</span> <span class='ocrx_word' id='word_1_137' title='bbox 526 1240 572 1277; x_wconf 93' lang='lat' dir='ltr'>et</span> <span class='ocrx_word' id='word_1_138' title='bbox 595 1234 864 1277; x_wconf 90' lang='lat' dir='ltr'>alimentum</span> <span class='ocrx_word' id='word_1_139' title='bbox 886 1248 967 1290; x_wconf 92' lang='lat' dir='ltr'>pro</span> <span class='ocrx_word' id='word_1_140' title='bbox 990 1248 1035 1276; x_wconf 88' lang='lat' dir='ltr'>se</span> <span class='ocrx_word' id='word_1_141' title='bbox 1057 1239 1103 1276; x_wconf 91' lang='lat' dir='ltr'>et</span> <span class='ocrx_word' id='word_1_142' title='bbox 1125 1248 1205 1289; x_wconf 93' lang='lat' dir='ltr'>pro</span> <span class='ocrx_word' id='word_1_143' title='bbox 1229 1234 1374 1275; x_wconf 89' lang='lat' dir='ltr'>bobus</span> <span class='ocrx_word' id='word_1_144' title='bbox 1396 1247 1634 1289; x_wconf 91' lang='lat' dir='ltr'>procurare</span> <span class='ocrx_word' id='word_1_145' title='bbox 1657 1233 1836 1275; x_wconf 92' lang='lat' dir='ltr'>debent.</span> 
     </span>
     <span class='ocr_line' id='line_1_16' title="bbox 96 1303 1839 1360; baseline -0.001 -13"><span class='ocrx_word' id='word_1_146' title='bbox 96 1319 132 1347; x_wconf 88' lang='lat'>15</span> <span class='ocrx_word' id='word_1_147' title='bbox 147 1305 246 1347; x_wconf 94' lang='lat' dir='ltr'>Hoc</span> <span class='ocrx_word' id='word_1_148' title='bbox 278 1319 397 1347; x_wconf 92' lang='lat' dir='ltr'>anno</span> <span class='ocrx_word' id='word_1_149' title='bbox 429 1305 519 1348; x_wconf 92' lang='lat' dir='ltr'>duo</span> <span class='ocrx_word' id='word_1_150' title='bbox 550 1320 606 1348; x_wconf 88' lang='lat' dir='ltr'>ex</span> <span class='ocrx_word' id='word_1_151' title='bbox 638 1304 954 1347; x_wconf 90' lang='lat' dir='ltr'>remotioribus</span> <span class='ocrx_word' id='word_1_152' title='bbox 985 1304 1124 1360; x_wconf 85' lang='lat' dir='ltr'>pagis,</span> <span class='ocrx_word' id='word_1_153' title='bbox 1158 1309 1403 1360; x_wconf 89' lang='lat' dir='ltr'>postquam</span> <span class='ocrx_word' id='word_1_154' title='bbox 1433 1303 1505 1346; x_wconf 90' lang='lat' dir='ltr'>hic</span> <span class='ocrx_word' id='word_1_155' title='bbox 1536 1317 1615 1359; x_wconf 92' lang='lat' dir='ltr'>per</span> <span class='ocrx_word' id='word_1_156' title='bbox 1644 1303 1670 1345; x_wconf 80' lang='lat'>8</span> <span class='ocrx_word' id='word_1_157' title='bbox 1702 1309 1782 1346; x_wconf 90' lang='lat' dir='ltr'>aut</span> <span class='ocrx_word' id='word_1_158' title='bbox 1814 1317 1839 1359; x_wconf 86' lang='lat'>9</span> 
     </span>
     <span class='ocr_line' id='line_1_17' title="bbox 147 1373 1840 1431; baseline 0 -14"><span class='ocrx_word' id='word_1_159' title='bbox 147 1374 241 1418; x_wconf 91' lang='lat' dir='ltr'>dies</span> <span class='ocrx_word' id='word_1_160' title='bbox 264 1375 559 1424; x_wconf 89' lang='lat' dir='ltr'>laborassent,</span> <span class='ocrx_word' id='word_1_161' title='bbox 602 1375 723 1431; x_wconf 87' lang='lat' dir='ltr'>ligna</span> <span class='ocrx_word' id='word_1_162' title='bbox 746 1375 991 1418; x_wconf 89' lang='lat' dir='ltr'>secuissent</span> <span class='ocrx_word' id='word_1_163' title='bbox 1015 1379 1060 1417; x_wconf 93' lang='lat' dir='ltr'>et</span> <span class='ocrx_word' id='word_1_164' title='bbox 1085 1374 1288 1417; x_wconf 78' lang='lat' dir='ltr'>fornaces</span> <span class='ocrx_word' id='word_1_165' title='bbox 1311 1373 1617 1417; x_wconf 82' lang='lat' dir='ltr'>calefecissent</span> <span class='ocrx_word' id='word_1_166' title='bbox 1641 1378 1687 1416; x_wconf 92' lang='lat' dir='ltr'>et</span> <span class='ocrx_word' id='word_1_167' title='bbox 1711 1374 1840 1417; x_wconf 88' lang='lat' dir='ltr'>tarde</span> 
     </span>
     <span class='ocr_line' id='line_1_18' title="bbox 146 1443 1840 1502; baseline 0 -14"><span class='ocrx_word' id='word_1_168' title='bbox 146 1460 169 1488; x_wconf 90' lang='lat' dir='ltr'>e</span> <span class='ocrx_word' id='word_1_169' title='bbox 190 1446 372 1502; x_wconf 89' lang='lat' dir='ltr'>collegio</span> <span class='ocrx_word' id='word_1_170' title='bbox 395 1446 567 1489; x_wconf 80' lang='lat' dir='ltr'>dimissi</span> <span class='ocrx_word' id='word_1_171' title='bbox 589 1451 750 1494; x_wconf 90' lang='lat' dir='ltr'>essent,</span> <span class='ocrx_word' id='word_1_172' title='bbox 774 1446 933 1488; x_wconf 90' lang='lat' dir='ltr'>eadem</span> <span class='ocrx_word' id='word_1_173' title='bbox 953 1450 1086 1488; x_wconf 91' lang='lat' dir='ltr'>nocte</span> <span class='ocrx_word' id='word_1_174' title='bbox 1107 1445 1152 1487; x_wconf 91' lang='lat' dir='ltr'>in</span> <span class='ocrx_word' id='word_1_175' title='bbox 1174 1444 1422 1501; x_wconf 78' lang='lat' dir='ltr'>profundas</span> <span class='ocrx_word' id='word_1_176' title='bbox 1443 1444 1569 1487; x_wconf 85' lang='lat' dir='ltr'>nives</span> <span class='ocrx_word' id='word_1_177' title='bbox 1589 1443 1840 1488; x_wconf 85' lang='lat' dir='ltr'>incidentes</span> 
     </span>
     <span class='ocr_line' id='line_1_19' title="bbox 145 1514 1840 1565; baseline 0 -7"><span class='ocrx_word' id='word_1_178' title='bbox 145 1517 314 1559; x_wconf 88' lang='lat' dir='ltr'>mortui</span> <span class='ocrx_word' id='word_1_179' title='bbox 338 1521 458 1559; x_wconf 91' lang='lat' dir='ltr'>sunt.</span> <span class='ocrx_word' id='word_1_180' title='bbox 487 1518 584 1559; x_wconf 91' lang='lat' dir='ltr'>Has</span> <span class='ocrx_word' id='word_1_181' title='bbox 609 1517 667 1559; x_wconf 95' lang='lat' dir='ltr'>ob</span> <span class='ocrx_word' id='word_1_182' title='bbox 692 1529 851 1559; x_wconf 87' lang='lat' dir='ltr'>causas</span> <span class='ocrx_word' id='word_1_183' title='bbox 875 1522 919 1558; x_wconf 91' lang='lat' dir='ltr'>et</span> <span class='ocrx_word' id='word_1_184' title='bbox 946 1515 1129 1565; x_wconf 88' lang='lat' dir='ltr'>subditi,</span> <span class='ocrx_word' id='word_1_185' title='bbox 1158 1521 1203 1558; x_wconf 89' lang='lat' dir='ltr'>et</span> <span class='ocrx_word' id='word_1_186' title='bbox 1228 1514 1402 1558; x_wconf 81' lang='lat' dir='ltr'>externi</span> <span class='ocrx_word' id='word_1_187' title='bbox 1427 1529 1454 1558; x_wconf 95' lang='lat' dir='ltr'>a</span> <span class='ocrx_word' id='word_1_188' title='bbox 1477 1514 1607 1557; x_wconf 91' lang='lat' dir='ltr'>nobis</span> <span class='ocrx_word' id='word_1_189' title='bbox 1632 1520 1676 1557; x_wconf 94' lang='lat' dir='ltr'>et</span> <span class='ocrx_word' id='word_1_190' title='bbox 1702 1529 1728 1558; x_wconf 87' lang='lat' dir='ltr'>a</span> <span class='ocrx_word' id='word_1_191' title='bbox 1752 1515 1840 1558; x_wconf 90' lang='lat' dir='ltr'>fide</span> 
     </span>
     <span class='ocr_line' id='line_1_20' title="bbox 145 1586 1839 1642; baseline -0.001 -13"><span class='ocrx_word' id='word_1_192' title='bbox 145 1587 368 1630; x_wconf 90' lang='lat' dir='ltr'>catholica</span> <span class='ocrx_word' id='word_1_193' title='bbox 398 1588 531 1630; x_wconf 87' lang='lat' dir='ltr'>valde</span> <span class='ocrx_word' id='word_1_194' title='bbox 561 1592 667 1630; x_wconf 91' lang='lat' dir='ltr'>sunt</span> <span class='ocrx_word' id='word_1_195' title='bbox 698 1586 855 1629; x_wconf 84' lang='lat' dir='ltr'>aversi.</span> <span class='ocrx_word' id='word_1_196' title='bbox 891 1587 989 1629; x_wconf 90' lang='lat' dir='ltr'>Imo</span> <span class='ocrx_word' id='word_1_197' title='bbox 1019 1587 1172 1642; x_wconf 90' lang='lat' dir='ltr'>palam</span> <span class='ocrx_word' id='word_1_198' title='bbox 1202 1586 1406 1629; x_wconf 79' lang='lat' dir='ltr'>fatentur</span> <span class='ocrx_word' id='word_1_199' title='bbox 1434 1586 1580 1628; x_wconf 92' lang='lat' dir='ltr'>nullos</span> <span class='ocrx_word' id='word_1_200' title='bbox 1609 1599 1654 1628; x_wconf 93' lang='lat' dir='ltr'>se</span> <span class='ocrx_word' id='word_1_201' title='bbox 1685 1586 1839 1628; x_wconf 88' lang='lat' dir='ltr'>crude-</span> 
     </span>
     <span class='ocr_line' id='line_1_21' title="bbox 94 1656 1839 1712; baseline -0.002 -11"><span class='ocrx_word' id='word_1_202' title='bbox 94 1657 275 1701; x_wconf 87' lang='lat' dir='ltr'>2oliores</span> <span class='ocrx_word' id='word_1_203' title='bbox 302 1658 432 1700; x_wconf 90' lang='lat' dir='ltr'>nobis</span> <span class='ocrx_word' id='word_1_204' title='bbox 460 1658 666 1700; x_wconf 89' lang='lat' dir='ltr'>dominos</span> <span class='ocrx_word' id='word_1_205' title='bbox 694 1658 917 1706; x_wconf 84' lang='lat' dir='ltr'>habuisse,</span> <span class='ocrx_word' id='word_1_206' title='bbox 947 1657 1086 1700; x_wconf 89' lang='lat' dir='ltr'>etiam</span> <span class='ocrx_word' id='word_1_207' title='bbox 1115 1671 1170 1699; x_wconf 90' lang='lat' dir='ltr'>ex</span> <span class='ocrx_word' id='word_1_208' title='bbox 1197 1656 1374 1699; x_wconf 91' lang='lat' dir='ltr'>Arianis</span> <span class='ocrx_word' id='word_1_209' title='bbox 1402 1656 1653 1712; x_wconf 81' lang='lat' dir='ltr'>praefectis.</span> <span class='ocrx_word' id='word_1_210' title='bbox 1691 1657 1839 1712; x_wconf 76' lang='lat' dir='ltr'>Quare</span> 
     </span>
     <span class='ocr_line' id='line_1_22' title="bbox 147 1727 1839 1784; baseline -0.001 -13"><span class='ocrx_word' id='word_1_211' title='bbox 147 1728 280 1771; x_wconf 88' lang='lat' dir='ltr'>multi</span> <span class='ocrx_word' id='word_1_212' title='bbox 308 1742 363 1771; x_wconf 93' lang='lat' dir='ltr'>ex</span> <span class='ocrx_word' id='word_1_213' title='bbox 391 1729 598 1777; x_wconf 86' lang='lat' dir='ltr'>subditis,</span> <span class='ocrx_word' id='word_1_214' title='bbox 628 1728 706 1784; x_wconf 92' lang='lat' dir='ltr'>qui</span> <span class='ocrx_word' id='word_1_215' title='bbox 734 1727 780 1770; x_wconf 93' lang='lat' dir='ltr'>in</span> <span class='ocrx_word' id='word_1_216' title='bbox 808 1728 1026 1784; x_wconf 90' lang='lat' dir='ltr'>principio</span> <span class='ocrx_word' id='word_1_217' title='bbox 1055 1733 1183 1770; x_wconf 90' lang='lat' dir='ltr'>erant</span> <span class='ocrx_word' id='word_1_218' title='bbox 1212 1727 1428 1777; x_wconf 82' lang='lat' dir='ltr'>conversi,</span> <span class='ocrx_word' id='word_1_219' title='bbox 1458 1727 1623 1770; x_wconf 90' lang='lat' dir='ltr'>iterum</span> <span class='ocrx_word' id='word_1_220' title='bbox 1651 1727 1710 1769; x_wconf 92' lang='lat' dir='ltr'>ad</span> <span class='ocrx_word' id='word_1_221' title='bbox 1737 1741 1839 1770; x_wconf 90' lang='lat' dir='ltr'>suas</span> 
     </span>
     <span class='ocr_line' id='line_1_23' title="bbox 142 1797 1836 1854; baseline -0.001 -12"><span class='ocrx_word' id='word_1_222' title='bbox 142 1799 350 1842; x_wconf 89' lang='lat' dir='ltr'>haereses</span> <span class='ocrx_word' id='word_1_223' title='bbox 383 1799 624 1842; x_wconf 90' lang='lat' dir='ltr'>redierunt.</span> <span class='ocrx_word' id='word_1_224' title='bbox 662 1801 710 1853; x_wconf 85' lang='lat'>3⁰</span> <span class='ocrx_word' id='word_1_225' title='bbox 738 1798 1005 1841; x_wconf 91' lang='lat' dir='ltr'>Inauditum</span> <span class='ocrx_word' id='word_1_226' title='bbox 1027 1803 1094 1841; x_wconf 90' lang='lat' dir='ltr'>est</span> <span class='ocrx_word' id='word_1_227' title='bbox 1128 1798 1174 1841; x_wconf 93' lang='lat' dir='ltr'>in</span> <span class='ocrx_word' id='word_1_228' title='bbox 1207 1797 1407 1854; x_wconf 90' lang='lat' dir='ltr'>Ungaria</span> <span class='ocrx_word' id='word_1_229' title='bbox 1428 1803 1473 1840; x_wconf 91' lang='lat' dir='ltr'>et</span> <span class='ocrx_word' id='word_1_230' title='bbox 1494 1797 1836 1853; x_wconf 81' lang='lat' dir='ltr'>Transylvania,</span> 
     </span>
     <span class='ocr_line' id='line_1_24' title="bbox 143 1868 1838 1926; baseline -0.002 -13"><span class='ocrx_word' id='word_1_231' title='bbox 143 1870 270 1926; x_wconf 94' lang='lat' dir='ltr'>quod</span> <span class='ocrx_word' id='word_1_232' title='bbox 302 1870 464 1926; x_wconf 88' lang='lat' dir='ltr'>aliquis</span> <span class='ocrx_word' id='word_1_233' title='bbox 498 1869 660 1912; x_wconf 91' lang='lat' dir='ltr'>nobilis</span> <span class='ocrx_word' id='word_1_234' title='bbox 694 1870 874 1912; x_wconf 89' lang='lat' dir='ltr'>colonos</span> <span class='ocrx_word' id='word_1_235' title='bbox 908 1883 1011 1912; x_wconf 92' lang='lat' dir='ltr'>suos</span> <span class='ocrx_word' id='word_1_236' title='bbox 1045 1869 1184 1912; x_wconf 90' lang='lat' dir='ltr'>etiam</span> <span class='ocrx_word' id='word_1_237' title='bbox 1218 1869 1278 1912; x_wconf 90' lang='lat' dir='ltr'>ad</span> <span class='ocrx_word' id='word_1_238' title='bbox 1310 1868 1664 1912; x_wconf 83' lang='lat' dir='ltr'>calefaciendum</span> <span class='ocrx_word' id='word_1_239' title='bbox 1696 1869 1838 1924; x_wconf 88' lang='lat' dir='ltr'>hypo-</span> 
     </span>
     <span class='ocr_line' id='line_1_25' title="bbox 145 1939 1834 1997; baseline -0.002 -14"><span class='ocrx_word' id='word_1_240' title='bbox 145 1946 355 1984; x_wconf 90' lang='lat' dir='ltr'>caustum</span> <span class='ocrx_word' id='word_1_241' title='bbox 399 1940 599 1997; x_wconf 87' lang='lat' dir='ltr'>adigeret</span> <span class='ocrx_word' id='word_1_242' title='bbox 644 1945 689 1982; x_wconf 89' lang='lat' dir='ltr'>et</span> <span class='ocrx_word' id='word_1_243' title='bbox 734 1954 785 1982; x_wconf 93' lang='lat' dir='ltr'>eo</span> <span class='ocrx_word' id='word_1_244' title='bbox 830 1945 1069 1996; x_wconf 89' lang='lat' dir='ltr'>tamquam</span> <span class='ocrx_word' id='word_1_245' title='bbox 1113 1940 1283 1982; x_wconf 77' lang='lat' dir='ltr'>famulo</span> <span class='ocrx_word' id='word_1_246' title='bbox 1328 1939 1575 1982; x_wconf 89' lang='lat' dir='ltr'>domestico</span> <span class='ocrx_word' id='word_1_247' title='bbox 1619 1943 1834 1981; x_wconf 90' lang='lat' dir='ltr'>uteretur.</span> 
     </span>
     <span class='ocr_line' id='line_1_26' title="bbox 93 2009 1834 2057; baseline -0.002 -3"><span class='ocrx_word' id='word_1_248' title='bbox 93 2013 314 2054; x_wconf 85' lang='lat' dir='ltr'>25Rector</span> <span class='ocrx_word' id='word_1_249' title='bbox 348 2016 505 2054; x_wconf 90' lang='lat' dir='ltr'>tamen</span> <span class='ocrx_word' id='word_1_250' title='bbox 541 2011 681 2053; x_wconf 88' lang='lat' dir='ltr'>etiam</span> <span class='ocrx_word' id='word_1_251' title='bbox 713 2011 829 2053; x_wconf 90' lang='lat' dir='ltr'>hanc</span> <span class='ocrx_word' id='word_1_252' title='bbox 864 2010 1123 2053; x_wconf 90' lang='lat' dir='ltr'>Polonicam</span> <span class='ocrx_word' id='word_1_253' title='bbox 1159 2010 1533 2053; x_wconf 83' lang='lat' dir='ltr'>consuetudinem</span> <span class='ocrx_word' id='word_1_254' title='bbox 1568 2009 1834 2057; x_wconf 84' lang='lat' dir='ltr'>introduxit,</span> 
     </span>
     <span class='ocr_line' id='line_1_27' title="bbox 144 2079 1835 2136; baseline -0.002 -12"><span class='ocrx_word' id='word_1_255' title='bbox 144 2097 248 2124; x_wconf 91' lang='lat' dir='ltr'>cum</span> <span class='ocrx_word' id='word_1_256' title='bbox 269 2082 470 2124; x_wconf 91' lang='lat' dir='ltr'>maximo</span> <span class='ocrx_word' id='word_1_257' title='bbox 493 2096 693 2124; x_wconf 91' lang='lat' dir='ltr'>moerore</span> <span class='ocrx_word' id='word_1_258' title='bbox 717 2086 762 2124; x_wconf 89' lang='lat' dir='ltr'>et</span> <span class='ocrx_word' id='word_1_259' title='bbox 784 2080 1045 2136; x_wconf 80' lang='lat' dir='ltr'>gravamine</span> <span class='ocrx_word' id='word_1_260' title='bbox 1061 2080 1345 2131; x_wconf 85' lang='lat' dir='ltr'>rusticorum,</span> <span class='ocrx_word' id='word_1_261' title='bbox 1364 2080 1647 2122; x_wconf 88' lang='lat' dir='ltr'>vertentibus</span> <span class='ocrx_word' id='word_1_262' title='bbox 1666 2079 1835 2122; x_wconf 73' lang='lat' dir='ltr'>interea</span> 
     </span>
     <span class='ocr_line' id='line_1_28' title="bbox 145 2149 1835 2206; baseline -0.002 -11"><span class='ocrx_word' id='word_1_263' title='bbox 145 2153 361 2195; x_wconf 83' lang='lat' dir='ltr'>fratribus</span> <span class='ocrx_word' id='word_1_264' title='bbox 404 2157 449 2195; x_wconf 91' lang='lat' dir='ltr'>et</span> <span class='ocrx_word' id='word_1_265' title='bbox 493 2151 832 2194; x_wconf 76' lang='lat' dir='ltr'>coadjutoribus</span> <span class='ocrx_word' id='word_1_266' title='bbox 875 2151 1067 2193; x_wconf 91' lang='lat' dir='ltr'>Polonis.</span> <span class='ocrx_word' id='word_1_267' title='bbox 1121 2152 1535 2206; x_wconf 75' lang='lat' dir='ltr'>Quantumcunque</span> <span class='ocrx_word' id='word_1_268' title='bbox 1577 2149 1714 2205; x_wconf 89' lang='lat' dir='ltr'>igitur</span> <span class='ocrx_word' id='word_1_269' title='bbox 1755 2163 1835 2205; x_wconf 91' lang='lat' dir='ltr'>ego</span> 
     </span>
     <span class='ocr_line' id='line_1_29' title="bbox 144 2219 1838 2276; baseline -0.003 -10"><span class='ocrx_word' id='word_1_270' title='bbox 144 2224 335 2266; x_wconf 91' lang='lat' dir='ltr'>clamem</span> <span class='ocrx_word' id='word_1_271' title='bbox 377 2222 729 2265; x_wconf 88' lang='lat' dir='ltr'>misericordiam</span> <span class='ocrx_word' id='word_1_272' title='bbox 770 2222 816 2263; x_wconf 91' lang='lat' dir='ltr'>in</span> <span class='ocrx_word' id='word_1_273' title='bbox 870 2221 1094 2269; x_wconf 92' lang='lat' dir='ltr'>concione,</span> <span class='ocrx_word' id='word_1_274' title='bbox 1151 2220 1262 2263; x_wconf 91' lang='lat' dir='ltr'>nihil</span> <span class='ocrx_word' id='word_1_275' title='bbox 1303 2220 1499 2276; x_wconf 91' lang='lat' dir='ltr'>proficio,</span> <span class='ocrx_word' id='word_1_276' title='bbox 1544 2219 1650 2276; x_wconf 91' lang='lat' dir='ltr'>quia</span> <span class='ocrx_word' id='word_1_277' title='bbox 1691 2224 1838 2262; x_wconf 90' lang='lat' dir='ltr'>rector</span> 
     </span>
     <span class='ocr_line' id='line_1_30' title="bbox 143 2289 1836 2346; baseline -0.003 -10"><span class='ocrx_word' id='word_1_278' title='bbox 143 2299 188 2336; x_wconf 91' lang='lat' dir='ltr'>et</span> <span class='ocrx_word' id='word_1_279' title='bbox 214 2294 419 2336; x_wconf 90' lang='lat' dir='ltr'>minister</span> <span class='ocrx_word' id='word_1_280' title='bbox 445 2292 723 2336; x_wconf 90' lang='lat' dir='ltr'>contrarium</span> <span class='ocrx_word' id='word_1_281' title='bbox 749 2293 911 2334; x_wconf 89' lang='lat' dir='ltr'>docent</span> <span class='ocrx_word' id='word_1_282' title='bbox 938 2291 1166 2346; x_wconf 87' lang='lat' dir='ltr'>exemplis.</span> <span class='ocrx_word' id='word_1_283' title='bbox 1195 2292 1242 2345; x_wconf 85' lang='lat'>4⁰</span> <span class='ocrx_word' id='word_1_284' title='bbox 1268 2290 1662 2333; x_wconf 88' lang='lat' dir='ltr'>Consultationum</span> <span class='ocrx_word' id='word_1_285' title='bbox 1688 2289 1836 2332; x_wconf 91' lang='lat' dir='ltr'>nullus</span> 
     </span>
     <span class='ocr_line' id='line_1_31' title="bbox 93 2360 1835 2420; baseline -0.003 -13"><span class='ocrx_word' id='word_1_286' title='bbox 93 2380 129 2408; x_wconf 88' lang='lat'>30</span> <span class='ocrx_word' id='word_1_287' title='bbox 144 2370 211 2407; x_wconf 89' lang='lat' dir='ltr'>est</span> <span class='ocrx_word' id='word_1_288' title='bbox 233 2379 354 2413; x_wconf 90' lang='lat' dir='ltr'>usus,</span> <span class='ocrx_word' id='word_1_289' title='bbox 379 2364 619 2420; x_wconf 91' lang='lat' dir='ltr'>nullusque</span> <span class='ocrx_word' id='word_1_290' title='bbox 643 2363 817 2405; x_wconf 77' lang='lat' dir='ltr'>fructus</span> <span class='ocrx_word' id='word_1_291' title='bbox 839 2377 845 2404; x_wconf 80' lang='lat'>2</span> <span class='ocrx_word' id='word_1_292' title='bbox 872 2362 979 2418; x_wconf 91' lang='lat' dir='ltr'>quia</span> <span class='ocrx_word' id='word_1_293' title='bbox 1002 2362 1056 2404; x_wconf 94' lang='lat' dir='ltr'>de</span> <span class='ocrx_word' id='word_1_294' title='bbox 1078 2361 1144 2410; x_wconf 88' lang='lat' dir='ltr'>iis,</span> <span class='ocrx_word' id='word_1_295' title='bbox 1170 2361 1224 2403; x_wconf 91' lang='lat' dir='ltr'>de</span> <span class='ocrx_word' id='word_1_296' title='bbox 1247 2361 1411 2416; x_wconf 90' lang='lat' dir='ltr'>quibus</span> <span class='ocrx_word' id='word_1_297' title='bbox 1433 2360 1629 2403; x_wconf 85' lang='lat' dir='ltr'>maxime</span> <span class='ocrx_word' id='word_1_298' title='bbox 1652 2360 1835 2402; x_wconf 90' lang='lat' dir='ltr'>deberet</span> 
     </span>
     <span class='ocr_line' id='line_1_32' title="bbox 143 2430 1832 2484; baseline -0.004 -6"><span class='ocrx_word' id='word_1_299' title='bbox 143 2435 410 2484; x_wconf 90' lang='lat' dir='ltr'>consultare,</span> <span class='ocrx_word' id='word_1_300' title='bbox 442 2449 534 2477; x_wconf 91' lang='lat' dir='ltr'>non</span> <span class='ocrx_word' id='word_1_301' title='bbox 563 2433 804 2480; x_wconf 87' lang='lat' dir='ltr'>consultat,</span> <span class='ocrx_word' id='word_1_302' title='bbox 831 2438 875 2475; x_wconf 93' lang='lat' dir='ltr'>et</span> <span class='ocrx_word' id='word_1_303' title='bbox 899 2431 1083 2474; x_wconf 90' lang='lat' dir='ltr'>tametsi</span> <span class='ocrx_word' id='word_1_304' title='bbox 1111 2445 1266 2474; x_wconf 90' lang='lat' dir='ltr'>omnes</span> <span class='ocrx_word' id='word_1_305' title='bbox 1295 2430 1572 2473; x_wconf 90' lang='lat' dir='ltr'>contrarium</span> <span class='ocrx_word' id='word_1_306' title='bbox 1601 2430 1832 2479; x_wconf 91' lang='lat' dir='ltr'>sentirent,</span> 
     </span>
     <span class='ocr_line' id='line_1_33' title="bbox 142 2500 1835 2562; baseline -0.003 -14"><span class='ocrx_word' id='word_1_307' title='bbox 142 2506 237 2562; x_wconf 91' lang='lat' dir='ltr'>ipse</span> <span class='ocrx_word' id='word_1_308' title='bbox 264 2511 420 2548; x_wconf 90' lang='lat' dir='ltr'>tamen</span> <span class='ocrx_word' id='word_1_309' title='bbox 447 2519 581 2548; x_wconf 92' lang='lat' dir='ltr'>suum</span> <span class='ocrx_word' id='word_1_310' title='bbox 607 2504 812 2560; x_wconf 87' lang='lat' dir='ltr'>sequitur</span> <span class='ocrx_word' id='word_1_311' title='bbox 839 2517 1031 2545; x_wconf 89' lang='lat' dir='ltr'>sensum.</span> <span class='ocrx_word' id='word_1_312' title='bbox 1063 2504 1109 2555; x_wconf 86' lang='lat'>50</span> <span class='ocrx_word' id='word_1_313' title='bbox 1136 2501 1319 2544; x_wconf 89' lang='lat' dir='ltr'>Nullam</span> <span class='ocrx_word' id='word_1_314' title='bbox 1345 2502 1484 2543; x_wconf 89' lang='lat' dir='ltr'>habet</span> <span class='ocrx_word' id='word_1_315' title='bbox 1512 2514 1660 2543; x_wconf 90' lang='lat' dir='ltr'>rerum</span> <span class='ocrx_word' id='word_1_316' title='bbox 1687 2500 1835 2556; x_wconf 85' lang='lat' dir='ltr'>provi-</span> 
     </span>
     <span class='ocr_line' id='line_1_34' title="bbox 143 2571 1830 2629; baseline -0.004 -10"><span class='ocrx_word' id='word_1_317' title='bbox 143 2576 347 2619; x_wconf 88' lang='lat' dir='ltr'>dentiam</span> <span class='ocrx_word' id='word_1_318' title='bbox 378 2581 423 2618; x_wconf 89' lang='lat' dir='ltr'>et</span> <span class='ocrx_word' id='word_1_319' title='bbox 455 2590 638 2618; x_wconf 91' lang='lat' dir='ltr'>curam:</span> <span class='ocrx_word' id='word_1_320' title='bbox 673 2575 719 2617; x_wconf 92' lang='lat' dir='ltr'>in</span> <span class='ocrx_word' id='word_1_321' title='bbox 750 2579 995 2629; x_wconf 86' lang='lat' dir='ltr'>conspectu</span> <span class='ocrx_word' id='word_1_322' title='bbox 1026 2572 1119 2615; x_wconf 91' lang='lat' dir='ltr'>eius</span> <span class='ocrx_word' id='word_1_323' title='bbox 1150 2586 1218 2614; x_wconf 92' lang='lat' dir='ltr'>res</span> <span class='ocrx_word' id='word_1_324' title='bbox 1250 2576 1438 2628; x_wconf 90' lang='lat' dir='ltr'>pereunt</span> <span class='ocrx_word' id='word_1_325' title='bbox 1470 2576 1515 2614; x_wconf 93' lang='lat' dir='ltr'>et</span> <span class='ocrx_word' id='word_1_326' title='bbox 1546 2571 1657 2613; x_wconf 92' lang='lat' dir='ltr'>nihil</span> <span class='ocrx_word' id='word_1_327' title='bbox 1688 2576 1830 2613; x_wconf 88' lang='lat' dir='ltr'>curat.</span> 
     </span>
     <span class='ocr_line' id='line_1_35' title="bbox 142 2642 1835 2702; baseline -0.004 -12"><span class='ocrx_word' id='word_1_328' title='bbox 142 2648 190 2690; x_wconf 86' lang='lat'>60</span> <span class='ocrx_word' id='word_1_329' title='bbox 225 2648 279 2689; x_wconf 94' lang='lat' dir='ltr'>In</span> <span class='ocrx_word' id='word_1_330' title='bbox 313 2646 497 2702; x_wconf 90' lang='lat' dir='ltr'>collegio</span> <span class='ocrx_word' id='word_1_331' title='bbox 532 2646 682 2688; x_wconf 92' lang='lat' dir='ltr'>nullus</span> <span class='ocrx_word' id='word_1_332' title='bbox 716 2645 839 2693; x_wconf 89' lang='lat' dir='ltr'>ordo,</span> <span class='ocrx_word' id='word_1_333' title='bbox 877 2644 1000 2686; x_wconf 90' lang='lat' dir='ltr'>nulla</span> <span class='ocrx_word' id='word_1_334' title='bbox 1034 2643 1289 2698; x_wconf 90' lang='lat' dir='ltr'>regularum</span> <span class='ocrx_word' id='word_1_335' title='bbox 1323 2642 1642 2692; x_wconf 86' lang='lat' dir='ltr'>observantia;</span> <span class='ocrx_word' id='word_1_336' title='bbox 1679 2655 1835 2684; x_wconf 89' lang='lat' dir='ltr'>sumus</span> 
     </span>
     <span class='ocr_line' id='line_1_36' title="bbox 91 2712 1833 2773; baseline -0.004 -12"><span class='ocrx_word' id='word_1_337' title='bbox 91 2735 128 2761; x_wconf 86' lang='lat'>35</span> <span class='ocrx_word' id='word_1_338' title='bbox 143 2717 244 2773; x_wconf 92' lang='lat' dir='ltr'>plus</span> <span class='ocrx_word' id='word_1_339' title='bbox 282 2732 421 2773; x_wconf 90' lang='lat' dir='ltr'>quam</span> <span class='ocrx_word' id='word_1_340' title='bbox 461 2717 516 2759; x_wconf 93' lang='lat' dir='ltr'>de</span> <span class='ocrx_word' id='word_1_341' title='bbox 554 2717 679 2772; x_wconf 90' lang='lat' dir='ltr'>larga</span> <span class='ocrx_word' id='word_1_342' title='bbox 717 2715 922 2758; x_wconf 91' lang='lat' dir='ltr'>manica:</span> <span class='ocrx_word' id='word_1_343' title='bbox 965 2714 1120 2762; x_wconf 86' lang='lat' dir='ltr'>edunt,</span> <span class='ocrx_word' id='word_1_344' title='bbox 1162 2713 1326 2755; x_wconf 92' lang='lat' dir='ltr'>bibunt</span> <span class='ocrx_word' id='word_1_345' title='bbox 1366 2712 1526 2756; x_wconf 80' lang='lat' dir='ltr'>fratres</span> <span class='ocrx_word' id='word_1_346' title='bbox 1565 2712 1748 2769; x_wconf 91' lang='lat' dir='ltr'>quando</span> <span class='ocrx_word' id='word_1_347' title='bbox 1788 2717 1833 2754; x_wconf 92' lang='lat' dir='ltr'>et</span> 
     </span>
     <span class='ocr_line' id='line_1_37' title="bbox 143 2782 1833 2844; baseline -0.004 -14"><span class='ocrx_word' id='word_1_348' title='bbox 143 2793 370 2844; x_wconf 91' lang='lat' dir='ltr'>quantum</span> <span class='ocrx_word' id='word_1_349' title='bbox 399 2788 574 2830; x_wconf 87' lang='lat' dir='ltr'>volunt.</span> <span class='ocrx_word' id='word_1_350' title='bbox 607 2788 704 2843; x_wconf 88' lang='lat' dir='ltr'>Ego</span> <span class='ocrx_word' id='word_1_351' title='bbox 735 2786 879 2836; x_wconf 90' lang='lat' dir='ltr'>credo,</span> <span class='ocrx_word' id='word_1_352' title='bbox 905 2784 1029 2841; x_wconf 90' lang='lat' dir='ltr'>quod</span> <span class='ocrx_word' id='word_1_353' title='bbox 1048 2797 1165 2826; x_wconf 89' lang='lat' dir='ltr'>unus</span> <span class='ocrx_word' id='word_1_354' title='bbox 1195 2797 1250 2826; x_wconf 91' lang='lat' dir='ltr'>ex</span> <span class='ocrx_word' id='word_1_355' title='bbox 1279 2783 1376 2825; x_wconf 90' lang='lat' dir='ltr'>istis</span> <span class='ocrx_word' id='word_1_356' title='bbox 1407 2783 1623 2826; x_wconf 79' lang='lat' dir='ltr'>fratribus</span> <span class='ocrx_word' id='word_1_357' title='bbox 1653 2782 1833 2825; x_wconf 90' lang='lat' dir='ltr'>Polonis</span> 
     </span>
     <span class='ocr_line' id='line_1_38' title="bbox 142 2852 1833 2914; baseline -0.004 -13"><span class='ocrx_word' id='word_1_358' title='bbox 142 2859 243 2914; x_wconf 92' lang='lat' dir='ltr'>plus</span> <span class='ocrx_word' id='word_1_359' title='bbox 275 2872 366 2900; x_wconf 93' lang='lat' dir='ltr'>uno</span> <span class='ocrx_word' id='word_1_360' title='bbox 400 2858 471 2901; x_wconf 88' lang='lat' dir='ltr'>die</span> <span class='ocrx_word' id='word_1_361' title='bbox 504 2858 600 2900; x_wconf 85' lang='lat' dir='ltr'>vini</span> <span class='ocrx_word' id='word_1_362' title='bbox 632 2856 883 2905; x_wconf 81' lang='lat' dir='ltr'>exhauriat,</span> <span class='ocrx_word' id='word_1_363' title='bbox 921 2869 1059 2911; x_wconf 88' lang='lat' dir='ltr'>quarn</span> <span class='ocrx_word' id='word_1_364' title='bbox 1094 2866 1147 2896; x_wconf 90' lang='lat'>10</span> <span class='ocrx_word' id='word_1_365' title='bbox 1181 2853 1299 2896; x_wconf 90' lang='lat' dir='ltr'>Itali.</span> <span class='ocrx_word' id='word_1_366' title='bbox 1337 2853 1455 2896; x_wconf 89' lang='lat' dir='ltr'>Hinc</span> <span class='ocrx_word' id='word_1_367' title='bbox 1487 2854 1636 2896; x_wconf 90' lang='lat' dir='ltr'>nullus</span> <span class='ocrx_word' id='word_1_368' title='bbox 1668 2852 1715 2895; x_wconf 87' lang='lat' dir='ltr'>in</span> <span class='ocrx_word' id='word_1_369' title='bbox 1748 2852 1833 2894; x_wconf 92' lang='lat' dir='ltr'>illis</span> 
     </span>
     <span class='ocr_line' id='line_1_39' title="bbox 143 2923 1828 2984; baseline -0.004 -13"><span class='ocrx_word' id='word_1_370' title='bbox 143 2933 334 2984; x_wconf 91' lang='lat' dir='ltr'>apparet</span> <span class='ocrx_word' id='word_1_371' title='bbox 363 2928 560 2984; x_wconf 89' lang='lat' dir='ltr'>spiritus.</span> <span class='ocrx_word' id='word_1_372' title='bbox 593 2931 639 2983; x_wconf 91' lang='lat'>7⁰</span> <span class='ocrx_word' id='word_1_373' title='bbox 669 2929 723 2970; x_wconf 91' lang='lat' dir='ltr'>In</span> <span class='ocrx_word' id='word_1_374' title='bbox 752 2928 853 2970; x_wconf 91' lang='lat' dir='ltr'>cibo</span> <span class='ocrx_word' id='word_1_375' title='bbox 876 2930 920 2968; x_wconf 91' lang='lat' dir='ltr'>et</span> <span class='ocrx_word' id='word_1_376' title='bbox 943 2930 1055 2981; x_wconf 90' lang='lat' dir='ltr'>potu</span> <span class='ocrx_word' id='word_1_377' title='bbox 1084 2924 1332 2968; x_wconf 90' lang='lat' dir='ltr'>lautissime</span> <span class='ocrx_word' id='word_1_378' title='bbox 1361 2923 1544 2966; x_wconf 84' lang='lat' dir='ltr'>vivitur.</span> <span class='ocrx_word' id='word_1_379' title='bbox 1577 2925 1673 2979; x_wconf 88' lang='lat' dir='ltr'>Ego</span> <span class='ocrx_word' id='word_1_380' title='bbox 1702 2927 1828 2978; x_wconf 91' lang='lat' dir='ltr'>puto,</span> 
     </span>
     <span class='ocr_line' id='line_1_40' title="bbox 143 2994 1831 3055; baseline -0.004 -14"><span class='ocrx_word' id='word_1_381' title='bbox 143 2999 268 3055; x_wconf 93' lang='lat' dir='ltr'>quod</span> <span class='ocrx_word' id='word_1_382' title='bbox 297 2998 344 3041; x_wconf 92' lang='lat' dir='ltr'>in</span> <span class='ocrx_word' id='word_1_383' title='bbox 374 2999 585 3042; x_wconf 91' lang='lat' dir='ltr'>omnibus</span> <span class='ocrx_word' id='word_1_384' title='bbox 617 2998 810 3054; x_wconf 86' lang='lat' dir='ltr'>collegiis</span> <span class='ocrx_word' id='word_1_385' title='bbox 843 2995 1080 3039; x_wconf 84' lang='lat' dir='ltr'>Societatis</span> <span class='ocrx_word' id='word_1_386' title='bbox 1112 2994 1256 3043; x_wconf 86' lang='lat' dir='ltr'>simul,</span> <span class='ocrx_word' id='word_1_387' title='bbox 1291 3008 1381 3036; x_wconf 89' lang='lat' dir='ltr'>uno</span> <span class='ocrx_word' id='word_1_388' title='bbox 1413 3008 1532 3037; x_wconf 91' lang='lat' dir='ltr'>anno</span> <span class='ocrx_word' id='word_1_389' title='bbox 1563 3008 1655 3036; x_wconf 93' lang='lat' dir='ltr'>non</span> <span class='ocrx_word' id='word_1_390' title='bbox 1686 3006 1831 3035; x_wconf 91' lang='lat' dir='ltr'>come-</span> 
     </span>
     <span class='ocr_line' id='line_1_41' title="bbox 92 3062 1831 3126; baseline -0.004 -13"><span class='ocrx_word' id='word_1_391' title='bbox 92 3069 312 3114; x_wconf 88' lang='lat' dir='ltr'>40dantur</span> <span class='ocrx_word' id='word_1_392' title='bbox 344 3074 416 3112; x_wconf 90' lang='lat' dir='ltr'>tot</span> <span class='ocrx_word' id='word_1_393' title='bbox 449 3069 640 3126; x_wconf 88' lang='lat' dir='ltr'>gallinae</span> <span class='ocrx_word' id='word_1_394' title='bbox 674 3074 719 3111; x_wconf 92' lang='lat' dir='ltr'>et</span> <span class='ocrx_word' id='word_1_395' title='bbox 755 3068 922 3111; x_wconf 78' lang='lat' dir='ltr'>ferinae</span> <span class='ocrx_word' id='word_1_396' title='bbox 956 3079 1124 3114; x_wconf 90' lang='lat' dir='ltr'>carnes,</span> <span class='ocrx_word' id='word_1_397' title='bbox 1161 3070 1272 3121; x_wconf 91' lang='lat' dir='ltr'>quot</span> <span class='ocrx_word' id='word_1_398' title='bbox 1307 3064 1353 3107; x_wconf 91' lang='lat' dir='ltr'>in</span> <span class='ocrx_word' id='word_1_399' title='bbox 1387 3064 1480 3107; x_wconf 91' lang='lat' dir='ltr'>solo</span> <span class='ocrx_word' id='word_1_400' title='bbox 1514 3065 1603 3106; x_wconf 88' lang='lat' dir='ltr'>hoc</span> <span class='ocrx_word' id='word_1_401' title='bbox 1635 3062 1831 3119; x_wconf 89' lang='lat' dir='ltr'>collegio.</span> 
     </span>
     <span class='ocr_line' id='line_1_42' title="bbox 144 3133 1835 3192; baseline -0.004 -10"><span class='ocrx_word' id='word_1_402' title='bbox 144 3140 264 3182; x_wconf 92' lang='lat' dir='ltr'>Nam</span> <span class='ocrx_word' id='word_1_403' title='bbox 286 3139 334 3182; x_wconf 93' lang='lat' dir='ltr'>in</span> <span class='ocrx_word' id='word_1_404' title='bbox 357 3139 516 3182; x_wconf 86' lang='lat' dir='ltr'>diebus</span> <span class='ocrx_word' id='word_1_405' title='bbox 540 3139 756 3187; x_wconf 91' lang='lat' dir='ltr'>carnium,</span> <span class='ocrx_word' id='word_1_406' title='bbox 783 3138 861 3181; x_wconf 85' lang='lat' dir='ltr'>vix</span> <span class='ocrx_word' id='word_1_407' title='bbox 885 3142 953 3180; x_wconf 92' lang='lat' dir='ltr'>est</span> <span class='ocrx_word' id='word_1_408' title='bbox 969 3136 1061 3179; x_wconf 89' lang='lat' dir='ltr'>ulla</span> <span class='ocrx_word' id='word_1_409' title='bbox 1085 3135 1191 3185; x_wconf 81' lang='lat' dir='ltr'>dies,</span> <span class='ocrx_word' id='word_1_410' title='bbox 1217 3149 1307 3192; x_wconf 91' lang='lat' dir='ltr'>quo</span> <span class='ocrx_word' id='word_1_411' title='bbox 1331 3149 1422 3178; x_wconf 92' lang='lat' dir='ltr'>non</span> <span class='ocrx_word' id='word_1_412' title='bbox 1446 3134 1644 3191; x_wconf 89' lang='lat' dir='ltr'>duplicia</span> <span class='ocrx_word' id='word_1_413' title='bbox 1667 3133 1835 3176; x_wconf 84' lang='lat' dir='ltr'>fercula</span> 
     </span>
    </p>
   </div>
  </div>
 </body>
</html>
