2188 3535
115 214 211 256 1582
243 210 325 255 jan.
364 209 425 252 10]
882 203 957 238 No.
984 203 1035 243 69
1735 203 1809 237 209

110 329 192 373 sed
217 327 341 384 prius
367 339 507 382 quam
529 323 883 372 confirmaretur,
908 320 1122 363 reductus
1149 322 1216 359 est
1246 315 1305 358 ad
1330 315 1505 358 labores
1532 317 1578 355 et
1606 312 1652 354 in
1680 325 1810 368 para-

111 399 230 442 lisim
252 395 561 444 incurabilem,
585 398 638 436 ut
663 395 711 436 P.
738 392 1009 440 Ludovicus,
1035 393 1103 432 est
1127 387 1376 445 prolapsus.
1403 386 1506 428 Non
1528 383 1811 426 habebamus

112 485 194 513 nec
230 468 492 516 doctiorem,
526 479 608 508 nec
629 464 860 507 meliorem
895 463 1131 517 Ungarum
1165 459 1254 502 isto
1289 458 1336 500 in
1372 456 1610 500 Societate.
1649 455 1810 509 Super-

113 554 269 584 sumus
289 539 437 582 adhuc
467 550 506 591 3.
527 551 534 579 :
558 537 669 592 Ego,
703 536 751 577 P.
774 533 972 576 Mathias
992 536 1037 574 et
1057 529 1281 573 Martinus
1301 528 1435 572 Undo
1456 541 1465 578 ;
1487 540 1595 569 nam
1614 524 1812 568 Lelesius

63 630 81 657 5
114 625 291 667 semper
326 614 394 652 est
431 606 790 651 valetudinarius
824 609 869 647 et
907 604 996 646 duo
1033 600 1199 644 novicii
1235 599 1490 643 sacerdotes
1526 601 1633 640 sunt
1669 594 1812 652 ignari

115 688 159 726 et
207 680 319 724 nihil
366 694 471 722 cum
518 676 855 721 existimatione
904 672 1142 717 Societatis
1190 675 1380 727 possunt
1441 672 1699 725 praestare;
1766 670 1811 708 et

115 754 230 796 alter
258 766 350 794 non
379 750 490 793 satis
519 749 679 792 firmus
709 747 891 791 videtur
923 745 969 787 in
999 742 1266 792 vocatione;
1299 745 1344 784 et
1375 755 1430 783 ex
1460 738 1673 782 studiosis
1702 736 1812 779 nulli

115 825 162 867 in
199 823 404 866 ordinem
442 825 549 864 sunt
587 818 801 876 ingressi;
843 816 922 860 sed
958 829 1040 858 nec
1077 827 1282 869 unquam
1319 811 1639 867 ingredientur,
1679 810 1813 851 rebus

116 895 178 938 sic
204 893 448 943 stantibus,
477 891 563 934 nisi
589 895 737 933 rector
763 888 898 931 fuerit
926 889 1148 942 Ungarus.
1187 885 1334 940 Quare
1361 881 1597 937 collegium
1623 881 1708 922 hoc
1735 878 1813 920 diu

66 984 101 1011 10
117 966 278 1009 durare
310 979 402 1007 non
434 962 616 1019 poterit,
651 960 737 1003 nisi
768 959 838 1002 his
870 956 1168 1001 incommodis
1200 956 1298 997 Tua
1331 951 1604 996 Reverentia
1637 955 1814 993 mature

116 1035 410 1093 prospexerit.
446 1035 604 1090 Neque
635 1032 757 1074 enim
788 1045 891 1073 caro
923 1033 1079 1072 nostra
1110 1040 1250 1069 aenea
1281 1029 1362 1074 est,
1397 1028 1449 1065 ut
1481 1022 1704 1078 possimus
1736 1020 1814 1062 diu

117 1109 202 1151 sub
243 1111 315 1150 tot
357 1104 634 1162 gravissimis
675 1102 899 1150 oneribus,
944 1099 1109 1156 quibus
1151 1095 1462 1152 opprimimur,
1507 1093 1681 1135 durare.
1727 1090 1815 1133 Sed

118 1191 352 1235 speramus
378 1178 526 1219 Tuam
555 1177 609 1218 R.
642 1172 766 1217 Patem
807 1171 936 1214 nobis
965 1184 1045 1226 pro
1075 1167 1296 1211 charitate
1338 1170 1528 1221 paterna
1556 1177 1648 1205 non
1689 1161 1814 1204 defu-

118 1255 284 1292 turam.
335 1245 673 1291 Aedificationis
724 1243 873 1292 modo,
924 1255 1040 1298 quae
1089 1237 1443 1282 consolationem
1492 1238 1643 1290 posset
1691 1232 1814 1275 Tuae

71 1337 106 1365 15
120 1316 221 1364 Rtiae
271 1319 458 1368 adferre,
498 1317 609 1359 nihil
653 1328 838 1371 possum
875 1312 1081 1360 scribere,
1122 1324 1229 1352 narn
1279 1311 1465 1364 propter
1502 1305 1625 1348 dicta
1662 1303 1814 1345 incon—

120 1391 350 1435 venientia
375 1389 589 1432 videntur
614 1387 762 1442 plures
788 1399 843 1427 ex
868 1383 990 1439 ipsis,
1018 1381 1097 1438 qui
1122 1378 1326 1423 conversi
1351 1382 1494 1426 erant,
1522 1374 1813 1422 retrocedere,

121 1477 260 1519 quam
296 1461 371 1504 alii
406 1459 514 1502 novi
549 1456 765 1500 converti.
805 1453 1121 1503 Nihilominus,
1160 1451 1197 1493 si
1228 1449 1340 1506 quid
1359 1449 1585 1498 invenero,
1611 1444 1816 1502 proximo

121 1547 274 1576 mense
304 1529 523 1588 Januario
556 1529 746 1571 fortasse
777 1525 1052 1582 perscribam
1083 1523 1143 1566 ad
1163 1523 1310 1564 Tuam
1333 1518 1666 1563 Reverentiam.
1691 1515 1814 1559 Vale.

253 1605 402 1646 Datae
437 1598 731 1655 Claudiopoli,
773 1597 896 1651 1581.
938 1609 1003 1638 10.
1043 1591 1318 1637 Decembris.

71 1691 107 1719 20
251 1675 375 1717 Tuae
412 1674 467 1715 R.
506 1668 801 1714 Paternitatis
837 1667 1047 1722 indignus
1083 1665 1130 1707 in
1161 1663 1338 1707 Christo
1374 1661 1492 1704 filius

1164 1746 1423 1803 Stephanus
1451 1745 1617 1787 Arator
1644 1755 1758 1798 mpr.

248 1861 461 1904 Kulczime
481 1876 493 1902 .·
522 1860 770 1901 Reverendo
800 1858 1031 1898 admodum
1061 1853 1178 1895 Patri
1206 1853 1381 1894 Claudio
1402 1851 1674 1904 Aquaevivae
1703 1861 1818 1900 prae-

122 1925 260 1976 posito
293 1922 473 1974 generali
503 1920 724 1962 Societatis
756 1920 871 1971 Jesu.
903 1918 1078 1957 Romae.

397 2010 588 2055 (Eredeti‚
615 2007 838 2053 sajatkezfi‚
867 2017 890 2041 a
919 2002 1212 2051 Jezsuita-rend
1246 1999 1550 2041 leveltaraban.)

75 2233 112 2262 25
943 2217 1013 2260 69.

546 2316 887 2373 Gyulczsejdrvcir,
923 2315 1034 2369 1582
1065 2313 1302 2368 janudrz'us
1334 2323 1401 2353 10.

234 2425 281 2464 P.
314 2422 471 2463 Leleszi
502 2423 633 2473 Janos
666 2421 711 2458 P.
744 2418 969 2471 Aquaviva
1000 2416 1174 2456 Claudio
1212 2410 1713 2465 jezsuita-generalisnak.

260 2521 420 2560 Vcilasz.
443 2519 474 2569 J
477 2517 603 2568 avitja
625 2529 649 2554 a
669 2514 908 2566 templomot.
932 2512 1109 2562 Bcithory
1130 2509 1353 2562 Zsz'gmond
1372 2508 1575 2548 tanuldsa.
1599 2507 1823 2547 Blandrata

129 2581 168 2619 ές
199 2575 498 2632 Squarcialupi
526 2574 756 2628 joindulata
786 2586 809 2611 a
840 2571 1037 2624 jezsm'tcile
1069 2571 1190 2609 ircint.

81 2693 119 2720 30
263 2677 362 2731 Jhs.
385 2672 648 2717 Admodum
670 2664 748 2714 Rde
769 2670 815 2712 in
837 2668 1013 2712 Christo
1035 2667 1145 2722 Jesu
1168 2667 1303 2708 Pater
1323 2670 1407 2708 etc.
1434 2666 1530 2707 Pax
1551 2662 1716 2707 Christi
1737 2668 1821 2706 etc.

271 2747 394 2802 Quas
450 2744 510 2787 ad
548 2757 620 2786 me
661 2744 715 2785 R.
759 2743 807 2784 P.
865 2741 964 2782 Tua
1005 2751 1070 2791 13.
1131 2735 1341 2779 Octobris
1398 2735 1619 2784 dederat}
1675 2733 1826 2790 accepi
1841 2751 1910 2777 01«.
1937 2758 1978 2782 13.

137 2829 203 2860 10.
229 2816 450 2872 Januarii,
476 2830 532 2858 ex
556 2813 720 2870 quibus
744 2817 789 2855 et
813 2810 1016 2854 studium
1044 2810 1091 2851 P.
1118 2809 1254 2856 Tuae,
1281 2812 1326 2850 et
1351 2805 1700 2849 sollicitudinem
1724 2819 1829 2861 erga
1844 2821 1908 2853 Jan.
1934 2827 1977 2846 10.

136 2902 222 2937 me,
246 2902 350 2930 vere
373 2891 625 2943 paternam,
651 2888 702 2926 ut
726 2880 929 2925 intellexi
951 2879 1206 2927 clarissime,
1232 2877 1298 2920 ita
1319 2876 1612 2920 libentissime
1636 2875 1828 2932 amplec-

138 2962 222 3000 tor.
265 2959 454 3014 Agoque
502 2955 670 3012 gratias
714 2956 761 2996 P.
806 2954 895 2995 Vrae
925 2956 969 2994 et
1018 2964 1098 3006 pro
1141 2948 1463 2997 admonitione,
1508 2961 1648 3003 quam
1690 2945 1829 2988 literis

86 3044 125 3072 35
139 3028 230 3070 suis
267 3027 470 3077 inseruit,
512 3026 745 3082 religiosa;
788 3028 833 3066 et
874 3022 998 3079 quod
1037 3019 1414 3068 animadvertam,
1455 3019 1572 3060 hanc
1611 3016 1830 3059 afflictam

269 3173 283 3194 1
311 3173 433 3207 Nincs
469 3183 571 3217 meg,
606 3171 845 3206 ismeretlen.

211 3255 315 3281 Fontes
338 3255 445 3280 Rerum
459 3253 744 3287 Transylvaniearum
769 3253 792 3279 1.
1652 3245 1694 3275 14
