2188 3535
307 215 382 248 240
1075 193 1149 226 No.
1180 193 1225 238 78
1678 192 1794 238 [1582
1827 191 1912 226 okt.
1951 203 1998 237 19

312 320 484 365 domini
512 318 609 366 loci,
640 316 686 358 id
714 318 780 356 est
810 311 1005 359 rectoris,
1030 310 1169 352 etiam
1196 313 1298 365 post
1328 309 1471 352 latam
1500 309 1787 359 sententiam,
1820 310 1998 352 tradere

314 406 411 435 reos
443 390 514 432 vel
545 401 634 430 non
666 384 853 430 tradere,
888 381 1116 423 dimittere
1147 380 1219 423 vel
1251 380 1464 430 occidere,
1498 380 1676 423 differre
1708 379 1867 423 mortis
1897 394 2013 423 exe-·

313 462 541 505 cntionem
576 456 646 498 vel
679 452 934 496 accelerare.
972 453 1140 494 Rector
1173 464 1277 493 cum
1311 456 1447 494 antea
1480 456 1629 494 totam
1663 452 1780 494 hanc
1814 465 1999 494 causam

316 533 594 588 perspectam
624 524 823 571 haberet,
855 521 1080 564 scribebat
1111 521 1231 564 enim
1262 526 1528 578 procurator
1556 522 1596 564 ei
1626 521 1811 577 singulis
1841 521 2000 564 diebus

317 601 384 643 bis
410 605 533 641 terve
573 594 683 651 quid
717 597 866 648 ageret
894 606 998 634 cum
1023 591 1109 634 reis
1135 596 1180 634 et
1206 591 1252 634 in
1278 607 1368 649 quo
1395 597 1521 635 statu
1547 607 1616 635 res
1642 606 1797 635 eorum
1823 597 1998 643 essent;
2033 607 2049 635 5

315 681 546 724 nunquam
566 671 733 712 tamen,
758 662 841 705 nisi
862 663 947 705 hac
968 662 1132 705 ultima
1151 663 1263 706 hora
1283 663 1519 705 nobiscum
1541 663 1775 719 negotium
1800 677 2001 705 commu-

312 738 493 786 nicavit,
511 750 591 778 nec
608 733 986 777 consultationem
1010 733 1194 776 habuit:
1225 734 1360 776 modo
1383 734 1582 790 primum
1603 733 1751 790 coepit
1773 748 1998 790 quaerere,

312 824 371 853 an
405 808 586 850 deberet
619 804 880 862 permittere
913 803 1058 846 efferri
1090 818 1188 846 reos
1220 805 1280 847 ad
1311 804 1596 861 supplicium,
1644 819 1795 847 necne.
1850 804 2002 861 Aliqui

311 880 536 927 dixerunt,
572 876 696 932 quod
729 889 820 917 non
855 876 1037 917 deberet
1068 874 1276 931 impediri
1307 875 1513 919 executio
1549 875 1720 925 mortis,
1757 880 2002 932 postquam

311 951 401 993 iam
436 947 662 991 sententia
696 950 811 988 esset
846 946 941 989 lata
975 951 1021 988 et
1056 950 1337 988 armatorum
1372 946 1609 989 hominum
1645 947 1781 989 turba
1814 946 1862 988 id
1896 950 2053 989 antem

311 1025 518 1064 nostrum
556 1023 756 1061 castrum
798 1017 1160 1073 praestolaretur.
1206 1017 1438 1059 Secundus
1466 1017 1513 1059 in
1541 1017 1733 1060 eandem
1762 1016 1878 1059 dixit
1907 1031 2004 1060 sen-

314 1091 520 1134 tentiam.
556 1091 651 1145 Ego
684 1102 789 1131 vero
821 1088 911 1131 duo
944 1087 1063 1130 dixi:
1099 1087 1297 1144 primum
1329 1092 1508 1144 patrem
1540 1088 1764 1131 Mathiam
1796 1102 2005 1144 procura-

316 1168 461 1205 torem
480 1161 572 1203 iam
591 1159 795 1202 incidisse
816 1164 1000 1215 propter
1019 1159 1188 1201 multas
1207 1173 1367 1201 causas
1385 1158 1432 1200 in
1452 1159 1755 1215 suspensionis
1774 1163 1820 1201 et
1840 1158 2005 1215 irregu-

314 1232 508 1276 laritatis
530 1245 751 1279 censuras,
776 1231 854 1273 sed
875 1231 959 1273 hoc
982 1234 1222 1286 tamquam
1244 1229 1539 1286 impertinens
1559 1229 1777 1273 reiectum
1800 1235 1881 1272 est.
1900 1229 2007 1273 Dixi

316 1303 525 1352 secundo,
547 1307 598 1344 ut
618 1301 821 1344 executio
841 1300 1000 1344 mortis
1019 1301 1230 1343 omnibus
1250 1300 1395 1343 modis
1414 1301 1722 1357 impediretur,
1744 1306 1825 1344 aut
1844 1301 2007 1344 saltem
2021 1316 2056 1344 15

318 1374 584 1422 differretur,
618 1372 740 1428 quod
771 1372 1061 1428 probationes
1093 1372 1242 1414 nullae
1273 1376 1422 1414 essent
1455 1377 1500 1415 et
1532 1372 1769 1428 indignum
1800 1377 1917 1415 esset
1948 1372 2008 1414 ob

317 1444 591 1501 suspiciones
627 1444 746 1485 leves
769 1448 814 1485 et
839 1443 1096 1486 iuramenta
1127 1443 1494 1486 muliercularum
1519 1443 1694 1500 aliquos
1718 1448 1816 1486 tam
1840 1442 2009 1486 crudeli

318 1515 416 1558 neci
453 1515 641 1557 tradere.
683 1514 810 1556 Idem
848 1528 1043 1570 quoque,
1083 1513 1224 1557 inscio
1262 1529 1347 1564 me,
1389 1514 1612 1557 Martinus
1650 1514 1785 1557 Undo
1823 1513 2008 1557 seorsim

324 1588 445 1641 (nam
482 1585 575 1641 ipse
611 1599 701 1628 non
737 1585 986 1641 ingreditur
1026 1585 1434 1641 congregationem)
1475 1585 1638 1628 rectori
1674 1585 2007 1635 inculcaverat;

321 1657 401 1699 sed
420 1656 530 1698 nihil
551 1656 820 1712 profecimus
841 1671 848 1698 :
871 1661 1018 1699 rector
1038 1656 1215 1712 scripsit
1236 1656 1295 1698 ad
1315 1661 1667 1712 procuratorem,
1689 1661 1736 1699 ut
1754 1657 2011 1712 permitteret
2023 1671 2059 1699 20

323 1729 488 1771 iudices
513 1742 635 1782 agere
659 1742 754 1769 cum
778 1729 874 1776 reis,
903 1742 1012 1783 quae
1035 1728 1198 1774 vellent,
1225 1729 1320 1783 ipse
1343 1728 1458 1770 nihil
1479 1729 1644 1770 diceret.
1672 1727 1836 1770 Servus
1858 1731 2012 1770 noster

322 1813 595 1841 oeconomus
615 1799 788 1848 domus,
811 1798 889 1855 qui
909 1812 1027 1840 unus
1064 1813 1119 1841 ex
1140 1797 1364 1841 iudicibus
1384 1803 1494 1848 erat,
1518 1797 1694 1855 quaerit
1715 1813 1743 1841 a
1762 1802 1891 1854 patre
1911 1811 2011 1854 pro-

322 1874 528 1911 curatore
551 1883 661 1911 num
685 1870 861 1912 tradere
885 1870 1069 1912 deberet
1094 1874 1298 1925 pastores
1321 1869 1381 1912 ad
1404 1884 1574 1919 necem,
1613 1883 1777 1912 necne:
1817 1882 2012 1924 cumque

323 1940 395 1982 ille
433 1939 542 1982 nihil
580 1941 882 1996 responderet,
919 1940 1139 1983 iudicavit
1173 1955 1278 1983 eum
1316 1941 1433 1984 nolle
1471 1940 1656 1983 omnino
1695 1940 1787 1983 iam
1824 1939 2013 1982 ulterius

323 2011 502 2053 differre
538 2025 692 2053 necem
729 2011 921 2060 illorum,
960 2011 1039 2054 sed
1075 2011 1189 2054 velle
1226 2011 1321 2053 fieri
1359 2011 1699 2062 executionem;
1739 2010 1817 2067 qui
1854 2015 2014 2067 postea
2027 2025 2062 2053 25

323 2081 539 2130 narravit,
576 2082 661 2124 sibi
696 2082 834 2125 etiam
870 2082 1161 2138 probationes
1196 2082 1316 2125 visas
1351 2097 1445 2125 esse
1481 2082 1816 2131 insufficientes,
1854 2081 1933 2124 sed
1967 2095 2014 2123 se

324 2152 542 2208 impedire
558 2157 602 2194 et
619 2153 795 2196 differre
818 2168 908 2196 non
931 2153 1145 2210 potuisse,
1171 2153 1265 2196 sine
1289 2167 1507 2196 consensu
1530 2153 1714 2196 rectoris
1736 2157 1782 2196 et
1805 2166 2014 2209 procura-

328 2223 450 2272 toris,
474 2223 551 2279 qui
571 2223 607 2265 si
627 2224 697 2266 vel
718 2224 906 2267 minimo
926 2224 1052 2280 signo
1072 2224 1359 2274 indicassent,
1382 2224 1544 2281 inquit,
1567 2224 1676 2267 mihi
1697 2239 1752 2267 ne
1772 2223 2012 2271 traderem,

326 2308 560 2349 nunquam
603 2295 902 2345 tradidissem,
961 2310 1042 2338 nec
1081 2295 1323 2351 quisquam
1361 2310 1436 2338 eos
1477 2295 1607 2338 nobis
1649 2294 1805 2338 invitis
1847 2294 2014 2350 eripere

327 2365 559 2420 potuisset.
594 2366 756 2422 Itaque
787 2366 945 2409 traditi
974 2370 1081 2408 sunt
1111 2366 1158 2408 in
1188 2381 1351 2409 manus
1397 2366 1659 2409 carnificum
1689 2371 1733 2408 et
1764 2365 1878 2422 palis
1907 2368 2064 2409 suntao

328 2435 465 2477 affixi.
493 2436 762 2479 Constanter
785 2452 927 2494 usque
952 2437 1011 2480 ad
1035 2441 1243 2487 mortem,
1262 2437 1402 2480 etiam
1419 2437 1466 2480 in
1490 2437 1603 2493 palis
1627 2437 1780 2493 quoad
1802 2436 2014 2479 vixerunt

329 2505 587 2548 innocentes
612 2521 657 2549 se
684 2522 777 2550 esse
803 2522 955 2551 coram
982 2507 1276 2551 multitudine
1302 2513 1562 2551 asserentes.

467 2576 661 2630 Quidam
703 2579 772 2621 vir
813 2579 1061 2622 catholicus
1102 2578 1342 2635 primarius
1382 2579 1516 2621 huius
1556 2578 1768 2628 civitatis,
1812 2576 2015 2620 notarius

333 2650 377 2686 et
404 2645 448 2686 in
474 2646 642 2701 legibus
667 2649 850 2704 peritus,
878 2664 982 2692 cum
1009 2649 1183 2692 factum
1209 2649 1515 2699 intellexisset,
1543 2651 1833 2692 vehementer
1857 2652 2015 2690 contra

332 2720 549 2758 rectorem
578 2717 663 2759 fuit
692 2725 960 2770 commotus,
996 2720 1119 2776 quod
1147 2734 1300 2762 secum
1328 2720 1585 2763 huiusmodi
1614 2719 1829 2775 litigiosas
1857 2732 2015 2761 causas
2029 2736 2064 2763 35

333 2800 422 2827 non
457 2789 841 2840 communicasset,
878 2791 1002 2847 quod
1034 2805 1125 2833 non
1159 2790 1406 2833 distulisset
1440 2791 1766 2839 executionem,
1803 2789 2016 2845 quodque

336 2856 429 2897 sine
458 2856 695 2900 sufficienti
724 2861 989 2915 probatione
1018 2860 1291 2917 permisisset
1319 2861 1468 2904 necari
1496 2862 1784 2911 innocentes;
1816 2864 1860 2902 et
1890 2874 2015 2915 prae-

334 2926 448 2968 dixit
463 2925 692 2971 imminere
706 2931 790 2972 toti
804 2932 985 2988 collegio
998 2946 1133 2988 grave
1144 2932 1410 2986 periculum,
1425 2931 1461 2974 si
1474 2931 1644 2974 domini
1660 2930 2014 2980 interfectorum,

336 2996 413 3052 qui
430 3001 556 3038 erant
586 2998 674 3040 duo
702 3005 908 3054 potentes
924 3003 1107 3051 nobiles,
1127 3001 1353 3057 coeperint
1380 3017 1407 3045 a
1431 3002 1561 3045 nobis
1587 3001 1759 3058 exigere
1786 3001 2014 3050 fassiones,

341 3066 627 3122 probationes
675 3074 719 3111 et
767 3085 923 3115 causas
958 3072 1117 3116 mortis
1163 3086 1347 3115 suorum
1407 3072 1705 3115 subditorum.
1756 3072 2017 3115 Communis
2030 3089 2066 3116 40

342 3151 521 3193 quoque
540 3138 661 3193 vulgi
680 3139 828 3195 opinio
849 3142 947 3192 fuit,
969 3158 1044 3186 eos
1062 3143 1321 3186 innocentes
1340 3143 1489 3186 fuisse.
1518 3143 1651 3200 Quod
1668 3143 1771 3186 inde
1790 3143 1984 3199 probant
2006 3157 2014 3185 :
