2188 3535
395 223 465 256 292
1160 203 1234 237 No.
1265 213 1311 248 93
1787 203 1904 249 [1583
1937 212 2026 248 aug.
2065 216 2078 240 1

393 335 437 372 et
481 343 536 371 ex
579 332 700 370 certa
742 323 940 370 scientia,
986 334 1038 362 ac
1081 319 1192 362 alias
1233 317 1577 374 quomodolibet
1620 319 1873 370 concessis;
1919 320 2084 376 quibus

392 399 600 441 omnibus
628 397 672 437 in
700 393 837 436 literis
871 389 1088 433 latissime
1120 388 1430 438 extendendis
1466 389 1607 431 etiam
1635 389 1672 431 si
1700 389 1756 432 de
1783 389 1847 432 eis
1873 390 1959 433 hac
1986 390 2084 434 vice

391 468 604 511 latissime
641 465 852 518 derogare
889 461 1078 516 placeat,
1127 458 1406 515 caeterisque
1444 459 1683 503 contrariis
1720 460 2081 518 quibuscunque,

391 552 493 580 cum
531 534 737 578 clausulis
774 530 1054 587 opportunis.

503 629 619 676 Fiat,
652 631 698 668 ut
731 624 890 681 petitur
928 624 979 666 V.
2112 637 2130 665 5

500 734 560 775 Et
587 746 690 774 cum
717 730 1000 773 absolutione
1026 743 1053 772 a
1079 728 1278 772 censuris
1303 729 1363 772 ad
1389 730 1604 772 effectum
1632 734 1677 772 et
1707 744 1825 786 quae
1870 744 2082 786 quarum-

386 817 561 859 cunque
583 802 773 845 aliarum
794 800 1146 849 concessionum,
1171 800 1531 856 applicationum
1553 805 1598 842 et
1620 800 1845 843 unionum
1868 801 2084 844 Societati

385 876 493 929 Jesu
532 878 576 915 et
616 872 799 928 collegio
838 870 1081 927 praedictis
1118 871 1340 913 hactenus
1378 871 1723 927 quomodolibet
1765 872 1992 914 factarum
2031 886 2084 915 ac

385 946 616 987 literarum
665 943 887 998 regiarum
933 941 1269 997 praedictarum
1305 946 1351 984 et
1388 941 1494 984 inde
1530 946 1833 997 sequutorum
1870 957 2083 998 quorum-

384 1029 560 1071 cunque
588 1019 765 1056 tenores
793 1013 932 1055 etiam
961 1012 1156 1055 veriores
1182 1027 1237 1055 ac
1265 1012 1405 1055 etiam
1433 1013 1647 1055 ecclesiae
1678 1013 1836 1055 Sancti
1865 1013 2084 1069 Stephani
2096 1027 2130 1054 10

384 1092 429 1129 et
451 1086 612 1128 domus
633 1084 845 1140 regularis
875 1083 939 1125 illi
969 1083 1208 1139 contiguae
1238 1097 1292 1126 ac
1321 1083 1444 1126 horti
1474 1083 1749 1139 iuriumque,
1775 1084 2083 1127 membrorum

385 1162 429 1199 et
458 1156 832 1212 pertinentiarum
860 1168 1045 1196 suorum
1072 1154 1387 1196 universorum
1415 1154 1758 1210 praedictorum
1787 1169 1865 1197 seu
1893 1155 2083 1198 aliorum

385 1228 593 1276 confines,
647 1226 905 1282 qualitates,
960 1225 1196 1274 vocabula,
1251 1225 1647 1268 denominationes
1701 1231 1746 1267 et
1799 1225 1893 1268 veri
1945 1226 2084 1269 etiam

383 1298 523 1341 annui
539 1297 702 1339 valoris
716 1296 999 1345 habentium,
1018 1310 1098 1351 pro
1119 1296 1340 1352 expressis
1361 1310 1438 1340 seu
1462 1296 1508 1338 in
1531 1301 1632 1338 toto
1651 1297 1727 1338 vel
1745 1302 1874 1352 parte
1892 1297 2083 1353 exprimi

384 1369 586 1424 possint:
630 1369 689 1409 Et
730 1367 784 1409 de
825 1367 1151 1423 suppressione,
1195 1367 1525 1416 coniunctione,
1570 1367 1842 1416 annexione,
1885 1368 2081 1423 assigna·
2095 1380 2128 1409 15

385 1440 519 1488 tione,
557 1438 871 1494 applicatione,
910 1437 1291 1493 appropriatione,
1330 1438 1525 1487 decreto,
1564 1438 1837 1480 inhibitione
1873 1443 1919 1481 et
1955 1438 2082 1482 dero-

383 1510 563 1566 gatione
583 1510 768 1565 aliisque
788 1508 1056 1564 praemissis,
1076 1513 1128 1550 ut
1145 1523 1281 1564 supra
1301 1522 1417 1564 quae
1432 1509 1518 1558 hie,
1541 1522 1622 1564 pro
1642 1509 1864 1564 expressis
1883 1510 2081 1552 habean—

385 1586 457 1622 tur
478 1581 524 1622 in
544 1581 687 1623 forma
705 1579 904 1636 gratiosa
924 1579 983 1622 ad
1003 1584 1271 1635 perpetuam
1291 1579 1354 1622 rei
1374 1579 1652 1622 memoriam.
1682 1580 1743 1621 Et
1775 1593 1892 1636 quae
1924 1580 2081 1624 literae

384 1651 429 1693 in
465 1651 609 1693 forma
641 1651 838 1707 gratiosa
873 1650 1212 1706 suppressionis,
1251 1650 1556 1700 connexionis,
1608 1651 1943 1706 applicationis,
1981 1666 2081 1707 pro-

384 1722 627 1778 rogationis
672 1721 811 1764 etiam
855 1721 1008 1777 quoad
1039 1721 1379 1778 possessionem,
1412 1721 1586 1777 gratiae
1618 1721 1654 1763 si
1688 1722 1850 1772 neutri,
1886 1722 1923 1764 si
1954 1723 2128 1772 nulli‚2o

383 1793 419 1834 si
452 1793 580 1835 alteri
612 1792 794 1848 perinde
827 1797 975 1835 essent
1008 1793 1158 1835 valere
1190 1792 1323 1834 simul
1356 1793 1428 1835 vel
1461 1792 1708 1848 separatim
1742 1792 1947 1848 expediri
1978 1807 2079 1849 pos-

383 1863 502 1914 sint;
541 1869 585 1906 et
621 1878 724 1906 cum
755 1868 1027 1919 opportuna,
1062 1863 1098 1905 si
1130 1863 1372 1913 videbitur,
1398 1867 1732 1919 exequutorum
1765 1863 2076 1919 deputatione,

382 1934 459 1989 qui
487 1934 696 1976 assistent
725 1935 864 1977 etiam
892 1935 977 1976 sub
1004 1934 1215 1983 censuris,
1246 1948 1350 1977 curn
1379 1934 1599 1976 facultate
1627 1934 1923 1990 aggravandi,
1953 1934 2080 1978 invo-

382 2010 484 2046 cato
509 2005 691 2059 [auxilio
713 2005 899 2059 brachii]
933 2005 1185 2047 saecularis.
1222 2005 1335 2048 Cum
1370 2005 1661 2060 derogatione
1695 2005 2080 2048 constitutionum

382 2075 435 2116 de
472 2090 562 2118 una
597 2081 641 2118 et
678 2076 732 2118 de
769 2076 946 2118 duobus
967 2091 1058 2118 non
1094 2081 1249 2118 tamen
1285 2076 1431 2118 tribus
1467 2076 1614 2125 dietis,
1653 2090 1705 2118 ac
1744 2076 1799 2118 de
1836 2076 2127 2119 unionibus25

381 2147 716 2189 committendis
744 2147 803 2189 ad
823 2152 975 2203 partes
995 2152 1040 2189 et
1061 2147 1116 2189 de
1136 2161 1226 2189 non
1247 2146 1446 2189 tollendo
1467 2147 1561 2189 iure
1582 2146 1790 2202 quaesito
1822 2147 2078 2203 regularum

382 2216 646 2259 Sanctitatis
686 2219 874 2260 Vestrae
916 2232 968 2260 ac
1010 2217 1326 2260 Lateranensis
1368 2217 1544 2260 concilii
1585 2217 1775 2259 uniones
1817 2222 2076 2273 perpetuas,

381 2287 464 2329 nisi
504 2288 549 2330 in
591 2288 768 2331 casibus
809 2279 835 2331 a
877 2289 971 2331 iure
1012 2288 1239 2344 permissis
1280 2288 1375 2330 fieri
1417 2288 1734 2344 prohibendas,
1779 2287 2075 2344 aliorumque,

381 2358 707 2401 contrariorum
734 2374 1110 2415 quorumcunque
1136 2359 1194 2401 ad
1217 2360 1430 2401 effectum
1454 2359 1721 2401 sufficientis
1744 2359 2047 2415 derogationis
2066 2373 2075 2409 ;

382 2433 426 2469 et
466 2430 588 2484 quod
628 2431 975 2485 praemissorum
1010 2430 1215 2472 omnium
1246 2434 1291 2472 et
1324 2429 1601 2486 singulorum
1640 2430 1780 2472 etiam
1824 2430 2073 2486 qualitatis,
2089 2445 2125 2473 3ο

383 2497 693 2550 invocationis,
742 2501 1123 2543 denominationis
1183 2500 1449 2543 annexionis
1502 2500 1856 2556 nuncupationis
1913 2500 2077 2557 depen-

384 2569 651 2620 dentiarum,
699 2572 863 2614 valoris
907 2572 1046 2614 etiam
1091 2572 1231 2614 annui
1275 2571 1437 2614 domus
1480 2576 1526 2614 et
1570 2571 1691 2613 horti
1742 2571 2075 2627 praedictorum

383 2639 661 2696 aliorumque
699 2642 796 2685 iura
835 2643 1094 2698 praemissa,
1136 2656 1311 2684 necnon
1349 2641 1493 2684 maior
1532 2646 1577 2684 et
1617 2641 1763 2683 verior
1802 2641 2078 2697 specificatio

386 2714 429 2749 et
462 2711 682 2765 expositio
715 2713 808 2754 fieri
842 2713 983 2768 possit
1017 2713 1063 2755 in
1096 2712 1236 2755 literis
1269 2712 1342 2754 vel
1377 2712 1440 2766 [in
1474 2714 1588 2766 toto]
1627 2712 1697 2754 vel
1733 2711 1792 2753 ad
1829 2716 2007 2767 partem
2040 2712 2076 2754 si

386 2779 610 2822 videbitur
642 2783 943 2838 expediendis.
1825 2782 1929 2824 Fiat
1965 2782 2015 2824 V.
2087 2798 2123 2826 35

516 2851 687 2894 Datum
728 2854 900 2896 Rornae
937 2854 1062 2909 apud
1102 2854 1322 2896 Sanctum
1361 2853 1579 2901 Marcum,
1621 2851 1827 2894 kalendis
1865 2852 2072 2908 Augusti.

386 2919 515 2961 Anno
547 2921 825 2965 duodecimo.

779 3022 968 3066 (Eredeti,
996 3034 1020 3058 a
1048 3022 1343 3068 Jezsuita-rend
1369 3021 1676 3066 leveltaraban.)
