2188 3535
123 208 214 251 1576
243 205 323 250 jan.
359 209 424 252 21]
885 224 960 259 No.
1000 233 1041 258 12
1764 246 1810 281 25

918 332 988 376 12.

629 435 749 486 Be'cs,
784 442 898 494 1576
926 443 1171 497 janudrius
1202 459 1272 491 21.

108 530 167 569 Az
192 533 388 572 ausztriai
424 534 863 590 jezsuita-provinczia
902 549 1214 602 congregatioja
1241 552 1286 591 P.
1313 555 1545 598 Mercurian
1584 560 1802 604 Eberhard

760 600 1262 658 jezsuita-generalisnak.

61 687 78 715 5
230 686 403 737 Aja'nlq‘a
431 689 471 728 ἐς
499 690 596 738 ke'ri,
627 694 790 735 cillitson
819 698 1041 751 Erde'lyben
1070 704 1260 754 missziot,
1291 709 1471 761 melynek
1491 712 1607 754 ha'la's
1624 717 1802 766 seladata

102 743 215 783 lenna
238 759 262 784 a
284 745 342 784 lzit
370 748 672 798 terjesztese‘ben.

214 841 344 884 Anno
375 846 498 898 1576.
530 848 662 891 Actio
691 855 789 903 5-ta
818 853 888 896 die
918 867 985 898 21.
1017 857 1236 911 Januarii.

213 911 325 954 Cum
350 920 557 969 ageretur
582 918 636 961 de
662 921 1018 978 Transylvanica
1043 929 1265 982 missione,
1294 948 1410 989 quae
1434 937 1564 980 brevi
1589 954 1645 982 ex
1671 943 1794 984 ordi-

98 979 278 1023 natione
297 984 350 1025 R.
370 985 417 1027 P.
437 986 678 1039 Generalis,
697 994 938 1038 accedente
954 998 1093 1042 etiam
1113 1001 1289 1046 Summi
1306 1006 1538 1050 Pontificis
1554 1011 1793 1056 voluntate

53 1050 150 1091 1⁰ac
184 1050 401 1097 desiderio
435 1056 715 1104 instituenda
750 1070 968 1119 speratur,
1009 1069 1180 1124 placuit
1215 1087 1315 1116 earn
1349 1076 1607 1122 missionem
1642 1083 1696 1124 R.
1735 1085 1784 1127 P.

97 1120 300 1164 Generali
328 1129 751 1182 commendandam,
782 1139 834 1176 ut
862 1136 924 1178 illi
952 1140 1074 1181 cordi
1102 1141 1174 1191 sit,
1205 1157 1396 1200 eamque
1424 1162 1589 1204 magno
1617 1153 1785 1195 affectu

94 1192 433 1247 complectatur,
476 1198 629 1242 foveat
669 1208 713 1244 et
752 1214 1034 1259 promoveat,
1075 1225 1180 1254 cum
1222 1215 1341 1256 tanti
1380 1220 1601 1261 momenti
1639 1222 1697 1263 sit
1737 1239 1790 1267 ea

92 1260 255 1312 missio,
292 1270 344 1306 ut
379 1267 456 1309 vix
490 1269 649 1314 indicis
682 1275 838 1317 cedere
872 1277 1094 1330 videatur,
1131 1282 1248 1325 sicut
1282 1299 1338 1327 ex
1370 1288 1636 1340 rationibus,
1673 1307 1789 1348 quas

89 1336 370 1386 procuratori
417 1340 663 1384 tradendas
710 1346 884 1388 censuit
932 1353 1233 1408 congregatio,
1285 1356 1376 1399 Sua
1423 1360 1477 1401 R.
1529 1361 1786 1407 Paternitas

44 1401 263 1456 ¹5plenius
296 1415 546 1463 cognoscet.
584 1413 644 1454 Et
679 1414 812 1457 simul
845 1418 985 1462 etiam
1019 1426 1306 1480 congregatio
1341 1429 1394 1470 R.
1433 1430 1481 1472 P.
1518 1431 1784 1478 Generalem

87 1475 337 1528 rogandum
355 1481 552 1533 putavit,
572 1487 625 1524 ut
644 1484 774 1539 plura
793 1501 845 1529 ac
865 1490 1037 1534 maiora
1055 1493 1288 1551 privilegia
1306 1502 1351 1539 et
1368 1498 1610 1545 facultates
1627 1518 1653 1546 a
1671 1506 1784 1548 Sede

86 1545 333 1598 apostolica
380 1552 687 1596 concedantur
727 1558 892 1601 nostris
932 1560 978 1602 in
1019 1563 1362 1621 Transylvania,
1407 1585 1547 1626 quam
1587 1573 1633 1615 in
1674 1576 1780 1618 Ger-

85 1613 236 1657 mania
257 1616 519 1670 habeamus,
541 1624 708 1668 etenim
731 1627 818 1670 ista
840 1631 959 1685 regio
982 1633 1201 1690 episcopis
1222 1638 1436 1694 religiosis
1458 1656 1510 1684 ac
1532 1646 1776 1689 sacerdoti-

84 1683 166 1726 bus
187 1700 300 1741 pene
323 1689 557 1743 destituta,
582 1695 841 1741 haeresibus
863 1701 996 1756 plena
1018 1709 1062 1745 et
1085 1719 1112 1747 a
1129 1707 1284 1752 ”furcis
1306 1709 1372 1753 ita
1393 1711 1688 1766 circumdata,
1723 1723 1774 1760 ut

35 1754 354 1808 2⁰perdifficilis
386 1761 444 1802 sit
477 1764 622 1807 omnis
653 1767 886 1813 literarum
932 1777 1295 1822 communicatio.
1344 1782 1406 1823 Et
1438 1783 1522 1826 nisi
1555 1785 1658 1835 sint,
1694 1789 1772 1844 qui

82 1826 253 1879 possint
275 1828 320 1870 in
343 1832 643 1879 matrimoniis
665 1842 996 1893 contrahendis,
1022 1844 1067 1887 in
1089 1846 1496 1904 irregularitatibus
1518 1860 1562 1897 et
1586 1871 1771 1913 suspen-

78 1894 274 1941 sionibus
301 1900 572 1957 dispensare,
601 1908 741 1952 etiam
767 1911 884 1954 circa
911 1914 1128 1960 beneficia
1154 1921 1454 1967 ecclesiastica
1479 1930 1525 1968 et
1552 1930 1769 1972 nonnulla

76 1965 341 2025 episcopalia
365 1987 580 2027 exercere,
606 1981 874 2037 perexiguus
904 1984 1077 2029 fructus
1103 2003 1158 2031 ex
1184 2004 1236 2033 ea
1261 1992 1484 2045 missione,
1510 2012 1626 2053 quae
1652 2001 1771 2042 tanti

77 2040 292 2082 momenti
315 2042 604 2090 nihilominus
627 2055 708 2099 est,
734 2055 901 2107 sperari
925 2061 1005 2098 aut
1028 2059 1173 2116 colligi
1196 2064 1377 2117 poterit.

29 2107 62 2134 25
184 2110 237 2152 R.
255 2112 321 2153 De
338 2116 543 2158 missione
563 2120 601 2160 T
601 2123 907 2176 mnsylvcmica
925 2128 1040 2170 nihil
1055 2130 1129 2172 lzoc
1145 2136 1331 2188 tempore
1347 2137 1513 2180 videtur
1528 2143 1757 2194 agendum,

72 2179 141 2220 sed
147 2183 278 2224 totum
290 2187 509 2238 negotium
524 2190 573 2231 in
589 2191 713 2234 aliud
724 2198 893 2250 tempus
905 2200 968 2241 rei
972 2198 1202 2250 iciendum,
1217 2205 1346 2247 donec
1355 2214 1516 2262 urgeat,
1531 2212 1608 2265 qui
1617 2214 1754 2266 petiit.

72 2276 237 2318 (XVIII.
270 2282 427 2319 szazadi
458 2287 656 2325 masolata
691 2293 772 2327 »Ex
802 2295 903 2330 libro
935 2298 1297 2345 Congregationum
1329 2307 1634 2349 provincialium
1666 2312 1761 2345 Ms«

93 2346 117 2370 a
143 2336 354 2386 budapesti
381 2348 579 2390 egyetemi
608 2350 814 2396 konyvtar
840 2356 1344 2408 Hevenesi—gyi'ijtemenye
1372 2375 1430 2409 34.
1463 2367 1548 2402 kot.
1577 2379 1597 2402 2
1604 2380 1662 2413 37.
1692 2371 1734 2413 l.)

874 2473 944 2516 13.

21 2564 54 2591 30
537 2568 682 2619 [Be'cs,
718 2579 827 2625 1570
858 2575 1104 2626 sebrucizfz'us
1136 2580 1278 2635 elesa]

63 2653 120 2693 ΑΖ
153 2661 347 2701 ausztriai
394 2664 836 2719 jezsuita-provinczia
870 2679 1268 2730 congregatiojanak
1303 2685 1475 2736 ve'gzese
1515 2701 1563 2727 az
1598 2691 1755 2743 erde'lyi

471 2726 839 2776 jezsuita-misszio
869 2734 1091 2776 felallitasa
1125 2741 1328 2791 iigyeben.

826 2824 851 2876 †
882 2826 981 2880 JhS-

412 2912 650 2964 Rationes
687 2919 862 2967 decreti
899 2923 955 2969 de
995 2925 1382 2989 Transylvama.

13 3008 46 3036 35
183 3000 400 3058 Cupiebat
432 3014 716 3068 congregatio
746 3018 1033 3072 provincialis
1062 3023 1272 3068 Austriae
1315 3028 1575 3075 missionem
1604 3034 1745 3077 Tran-

58 3066 329 3120 sylvanicam
373 3092 466 3121 esse
511 3083 564 3124 R.
612 3085 660 3126 P.
708 3087 913 3130 Generali
958 3095 1354 3149 commendatam;
1407 3105 1746 3148 commendatio

58 3141 206 3182 autem
242 3157 293 3186 eo
330 3146 547 3205 dirigitur,
587 3159 639 3196 ut
676 3156 711 3198 si
749 3158 899 3214 aliquo
938 3175 1043 3204 casu
1081 3166 1359 3223 contingeret
1396 3171 1521 3226 prius
1562 3179 1743 3229 patrem
