2188 3535
300 183 346 217 92
1055 163 1129 196 No.
1167 173 1216 208 30
1667 163 1786 208 [1580
1816 162 1898 206 J'an.
1933 173 1984 207 27

297 302 410 344 quas
446 286 721 328 immortales
757 296 863 330 esse,
903 294 1034 322 nemo
1073 292 1208 320 sanae
1244 278 1410 320 mentis
1447 278 1656 320 dubitare
1693 283 1857 333 potest.
1897 280 1982 322 His

299 358 501 414 proxime
531 355 702 397 accedit
733 354 957 394 humanus
987 349 1178 397 animm,
1210 348 1383 398 eadem,
1415 362 1507 404 qua
1536 348 1608 390 ille
1637 348 1982 391 immortalitate

300 428 508 474 donatus,
537 424 658 480 quod
683 436 772 463 non
798 421 942 462 solum
967 418 1188 460 naturalis
1213 419 1344 468 ratio,
1378 433 1536 461 verum
1562 418 1701 461 etiam
1726 419 1983 462 Aristotelis

299 496 551 539 authoritas
585 493 833 535 confirmat.

414 578 452 607 2.
487 565 652 605 Verum
706 561 765 602 ab
818 559 1217 614 intelligentiarum
1271 559 1545 615 perfectione
1600 559 1778 602 animus
1831 565 1984 603 noster
2018 572 2040 600 5

299 637 551 689 degenerat,
583 631 705 687 quod
733 644 823 672 non
852 630 910 671 sit
939 630 1114 685 integra
1143 630 1325 686 species,
1355 630 1434 672 sed
1462 644 1580 686 pars,
1611 644 1749 686 quare
1778 636 1846 673 est
1876 645 1983 673 vera

296 706 439 746 forma
459 708 502 745 et
523 708 652 744 actus
671 701 881 756 corporis,
902 700 1061 742 caduci
1080 706 1235 743 tamen
1255 706 1299 743 et
1319 715 1375 743 ex
1394 701 1628 743 elementis
1646 701 1792 743 mixti.
1816 702 1869 743 In
1889 716 1983 744 cor-

294 788 427 830 porea
452 773 570 814 enim
594 776 759 813 natura
783 771 980 826 primum
1005 771 1204 812 cernitur
1227 771 1403 821 mixtio,
1429 772 1659 826 generatio
1684 776 1729 813 et
1754 772 1984 827 corruptio

293 851 430 899 atque
453 857 546 892 eae,
569 855 684 897 quae
706 841 826 883 solae
854 841 948 883 veri
976 846 1128 883 motus
1156 847 1261 883 sunt
1290 842 1484 897 species:
1516 843 1843 897 augmentatio,
1873 843 1984 884 alte-

293 915 422 962 ratio,
455 913 579 962 latio‚
613 917 766 954 motus
797 926 903 954 vero
935 912 1179 954 continuus
1210 917 1277 954 est
1311 916 1356 954 et
1388 913 1434 954 in
1467 918 1671 968 tempore
1702 913 1760 954 sit
1793 917 1838 955 et
1870 913 1982 962 loco,
2000 929 2039 957 10

292 991 429 1040 atque
461 998 487 1026 a
517 989 696 1032 natura,
729 982 920 1024 materia
951 982 1119 1024 scilicet
1151 982 1224 1024 vel
1255 983 1401 1024 forma
1432 988 1671 1039 tamquam
1693 997 1720 1025 a
1748 983 1981 1039 principio.

294 1056 469 1097 Horum
506 1059 659 1096 autem
697 1053 900 1095 omniurn
938 1053 1106 1095 scilicet
1143 1053 1375 1102 materiae,
1415 1053 1600 1103 formae,
1639 1058 1844 1103 naturae,
1883 1054 1982 1103 loci,

294 1125 522 1181 temporis,
556 1129 707 1166 motus
730 1128 774 1165 et
799 1123 1048 1179 specierum
1072 1123 1167 1166 eius
1190 1123 1492 1179 generationis
1515 1129 1560 1167 et
1584 1125 1817 1167 mixtionis
1839 1130 1985 1167 rectas

292 1196 573 1240 definitiones
602 1194 848 1249 assignavit
877 1194 1155 1236 Aristoteles.

929 1305 1097 1375 Thesesss
1113 1314 1289 1368 logicae.
2000 1330 2039 1359 15

410 1421 446 1450 1.
481 1407 631 1450 Animi
662 1407 820 1457 nostri,
854 1408 970 1450 sicut
995 1412 1040 1450 et
1062 1407 1480 1464 intelligentiarum,
1514 1408 1696 1464 propria
1722 1408 1896 1451 functio
1917 1413 1985 1451 est

293 1479 498 1520 veritatis
536 1478 732 1533 cognitio
772 1482 816 1520 et
857 1478 1060 1528 scientia,
1087 1493 1204 1534 quae
1243 1493 1346 1521 cum
1385 1479 1432 1520 in
1470 1479 1601 1521 nobis
1640 1479 1698 1521 sit
1737 1479 1986 1521 admodum

291 1549 568 1604 imperfecta,
599 1550 788 1591 inventa
817 1554 885 1591 est
914 1549 1071 1604 logica,
1105 1563 1221 1605 quae
1251 1564 1343 1592 non
1373 1564 1445 1592 ars
1474 1555 1543 1592 est
1573 1550 1644 1592 vel
1674 1549 1875 1599 scientia,
1907 1549 1985 1592 sed

293 1620 661 1662 instrumentaria
684 1619 934 1675 disciplina,
959 1620 1264 1662 instrumenta
1288 1620 1456 1662 sciendi
1480 1620 1842 1670 subministrans,
1868 1634 1984 1676 quae

293 1690 382 1732 duo
427 1695 560 1732 sunt:
609 1690 937 1733 demonstratio
982 1690 1113 1733 nobis
1157 1691 1456 1733 accomodata
1499 1691 1643 1746 magis
1678 1695 1723 1733 et
1766 1691 2039 1741 definitio‚2o

292 1766 456 1803 natura
478 1775 558 1803 sua
580 1761 897 1816 praestantior.
916 1761 1001 1804 His
1023 1761 1237 1804 scientiae
1260 1776 1416 1804 omnes
1438 1762 1716 1804 constitutae
1733 1767 1854 1811 sunt,
1872 1775 1986 1818 quas

292 1831 524 1873 commode
549 1831 594 1873 in
620 1836 711 1874 tres
737 1832 936 1875 dividere
959 1846 1210 1888 possumus.
1237 1833 1436 1875 Primam
1462 1832 1808 1888 philosophiam,
1833 1832 1985 1888 physi-

293 1916 393 1944 cam
428 1908 472 1944 et
507 1903 895 1953 mathematicam,
933 1903 1144 1959 quamvis
1179 1908 1224 1946 et
1260 1918 1400 1946 unam
1436 1903 1582 1946 solum
1618 1917 1712 1946 esse
1747 1903 1983 1945 scientiam

291 1973 349 2014 sit
378 1973 621 2028 probabile.

407 2055 445 2085 2.
481 2044 653 2086 Eadem
684 2044 828 2100 logica
859 2044 1105 2100 syllogismi
1137 2044 1278 2100 topici
1309 2045 1485 2100 regulas
1517 2045 1662 2086 docet.
1698 2045 1797 2086 Hoc
1829 2049 2038 2091 autem25

291 2113 547 2169 syllogismo
574 2115 722 2157 utitur
749 2115 999 2165 dialectica,
1029 2130 1056 2158 a
1082 2116 1226 2171 logica
1253 2121 1298 2158 et
1326 2115 1525 2158 scientiis
1552 2115 1763 2157 omnibus
1791 2115 1982 2164 diversa,

289 2198 483 2240 namque
515 2186 773 2240 opinionem
804 2191 982 2242 spectat
1014 2191 1058 2228 et
1090 2187 1324 2242 probabile
1355 2186 1611 2229 considerat
1642 2191 1687 2228 et
1719 2186 1885 2228 nullius
1915 2190 1983 2228 est

289 2255 577 2298 determinati
598 2257 785 2312 generis,
809 2257 888 2299 sed
909 2257 1062 2299 omnia
1083 2257 1123 2299 ei
1144 2257 1448 2299 subiiciuntur
1468 2262 1513 2299 et
1535 2257 1694 2299 eadem
1715 2261 1783 2299 est
1805 2262 1983 2299 contra-

291 2325 456 2368 riorum
493 2332 631 2383 atque
668 2342 724 2370 ex
760 2328 1078 2370 communibus
1114 2328 1331 2384 procedit.

921 2446 1075 2488 Theses
1106 2446 1352 2488 rhetoricae.

408 2549 443 2578 1.
464 2537 736 2582 Dialecticae
758 2544 913 2582 autem
934 2542 1201 2596 ἀντίστροφος,
1220 2545 1287 2582 est
1306 2539 1546 2589 rhetorica,
1563 2539 1648 2581 hoc
1666 2543 1733 2581 est
1750 2543 1803 2580 ut
1821 2538 1983 2581 dialec-
1997 2554 2036 2581 30

293 2605 383 2646 tica
398 2606 511 2648 circa
528 2622 595 2650 res
613 2623 768 2652 omnes
783 2625 838 2652 ex
850 2611 1161 2666 probabilibus
1173 2611 1432 2666 opinionem
1447 2610 1604 2665 gignit,
1622 2609 1683 2652 sic
1699 2609 1922 2651 rhetorica
1937 2609 1983 2650 in

292 2676 414 2716 omni
431 2690 576 2719 rerum
593 2693 750 2733 genere
766 2695 821 2723 ex
841 2681 910 2730 iis,
934 2695 1050 2737 quae
1066 2686 1176 2737 apta
1192 2686 1298 2723 sunt
1315 2681 1376 2723 ad
1390 2680 1767 2736 persuadendum,
1786 2679 1982 2721 auditori

293 2745 427 2787 fidem
457 2746 578 2789 facit.
611 2750 692 2791 Est
722 2752 841 2793 enim
870 2752 1095 2794 rhetorica
1124 2766 1216 2794 non
1245 2765 1317 2793 ars
1346 2751 1419 2794 vel
1447 2751 1649 2799 scientia,
1680 2750 1759 2792 sed
1788 2750 1982 2792 facultas

292 2816 600 2870 perspiciendi,
625 2821 733 2874 quid
767 2822 811 2863 in
845 2836 1121 2878 unaquaque
1155 2837 1200 2865 re
1234 2822 1293 2864 sit
1328 2826 1490 2877 aptum
1524 2821 1583 2863 ad
1616 2820 1951 2876 persuasionem
1969 2833 1979 2870 ;

294 2899 431 2940 quare
461 2887 554 2929 eius
583 2891 823 2946 praecipua
851 2892 920 2934 vis
949 2898 1017 2935 est
1046 2893 1093 2934 in
1122 2892 1416 2935 entimemate
1446 2905 1524 2934 seu
1554 2891 1803 2933 rhetoricae
1848 2891 2033 2946 syllo-35

291 2955 447 3010 gismo,
466 2961 566 2999 tum
592 2958 637 2999 in
664 2962 866 3004 oratione
892 2969 1086 3014 morata,
1102 2969 1331 3019 postremo
1359 2963 1405 3004 in
1432 2961 1714 3004 concitandis
1741 2961 1981 3004 affectibus

292 3031 336 3067 et
369 3032 488 3068 recte
521 3027 794 3080 dialecticae,
818 3038 868 3074 ut
891 3034 1101 3088 politicae
1137 3033 1400 3089 disciplinae
1428 3032 1652 3075 Stolonem
1683 3046 1784 3074 eam
1816 3031 1980 3074 dixerit

291 3096 566 3140 Aristoteles.
