2188 3535
81 249 175 286 1577
207 238 314 272 decz.
352 238 389 281 8]
851 236 926 271 No.
966 247 1012 282 19
1722 237 1770 280 63

75 356 182 400 Plus
220 354 364 398 decies
401 354 486 396 hoc
525 367 644 396 anno
683 353 838 396 audivi
876 368 903 396 a
941 355 1176 397 Germanis
1224 353 1440 402 nunciari,
1480 353 1627 395 Tuam
1665 350 1771 395 M‘sstn

76 440 194 469 nunc
229 425 391 481 gladio,
425 438 545 466 nunc
576 437 765 472 venen0‚
788 438 908 466 nunc
944 425 1131 480 sclopeti
1166 425 1261 467 ictu
1297 423 1599 467 crudelissime
1634 423 1770 465 inter-

76 500 278 552 emptam
313 509 420 545 esse,
458 494 536 550 qui
584 494 633 536 id
675 494 798 549 apud
833 493 954 536 viros
989 509 1160 550 graves,
1206 495 1329 538 falsis
1377 494 1468 537 suis
1516 493 1771 536 rumoribus

74 567 185 611 lucri
219 566 436 615 fecerunt,
472 570 524 607 ut
560 565 700 607 etiam
735 578 838 606 cum
873 578 981 606 vera
1016 566 1070 607 de
1104 566 1237 608 rebus
1273 564 1494 608 Polonicis
1535 564 1769 613 nunciant,

28 652 46 680 5
74 637 198 680 nulla
230 637 292 679 eis
324 637 436 679 fides
467 636 705 684 habeatur,
740 634 826 676 nisi
859 634 971 676 illud
1002 634 1123 677 idem
1156 650 1234 690 per
1268 636 1463 691 aliquem
1498 635 1770 677 Polonorum

75 707 209 751 fuerit
241 708 573 749 confirmatum.
607 706 680 748 Ab
710 705 819 760 ipsis
851 709 1006 747 autem
1038 705 1231 755 Polonis,
1265 706 1342 761 qui
1375 708 1570 748 Romam
1602 705 1771 761 partim

77 778 342 827 devotionis,
393 777 562 833 partim
610 775 866 819 studiorum
915 789 1052 817 causa
1099 776 1366 824 adventant,
1418 776 1569 818 fausta
1617 775 1770 818 omnia

76 862 127 892 ac
160 848 306 891 felicia
341 848 395 890 de
428 849 526 891 Tua
560 846 636 890 Mte
669 846 958 888 nunciantur.
1008 846 1154 888 Nemo
1189 851 1256 887 est
1290 846 1408 888 inter
1442 860 1529 895 eos,
1566 846 1644 902 qui
1678 859 1769 888 non

75 920 158 962 sub
195 925 276 962 tua
313 918 556 975 prudentia
607 916 859 960 diutissime
897 916 1049 959 vivere
1088 916 1339 966 desideret;
1379 930 1524 965 nemo,
1565 916 1643 971 qui
1680 930 1770 957 non

28 1004 155 1046 1opro
190 990 336 1032 salute
383 990 506 1032 Tuae
555 983 639 1031 Mfi⁵
674 987 852 1030 assidue
901 987 1105 1029 divinam
1151 986 1439 1029 clementiam
1475 986 1769 1041 deprecetur;

74 1075 220 1110 nemo,
254 1060 332 1116 qui
361 1074 453 1102 non
493 1061 616 1102 Tuae
647 1054 732 1102 Mtis
761 1057 1263 1100 honorificentissimam
1309 1056 1447 1098 faciat
1479 1056 1768 1098 mentionem.

189 1131 520 1174 Commendant
574 1130 713 1186 aliqui
764 1130 888 1172 Tuae
928 1123 1012 1172 Mtis
1051 1127 1400 1176 humanitatem,
1443 1126 1771 1181 benignitatem

75 1207 120 1245 et
158 1202 458 1251 clementiam,
499 1201 763 1257 praedicant
802 1200 877 1242 alii
915 1199 1187 1255 singularem
1224 1197 1528 1254 prudentiam,
1569 1196 1771 1238 nonnulli

75 1273 263 1317 laudant
288 1273 438 1322 fidem,
466 1272 789 1328 frugalitatem,
818 1270 1170 1327 temperantiam
1202 1274 1247 1311 et
1269 1268 1518 1324 ingenitam
1541 1267 1772 1322 quandam

29 1357 62 1384 15
75 1343 213 1386 animi
239 1344 472 1399 pietatem.
504 1343 679 1386 Caeteri
705 1342 752 1384 in
780 1342 954 1384 coelum
981 1341 1192 1383 laudibus
1220 1340 1413 1382 efferunt
1443 1338 1591 1380 zelum
1619 1337 1772 1379 catho-

73 1414 182 1457 licae
219 1414 444 1470 religionis
481 1413 862 1456 ardentissimum.
896 1414 1052 1456 Unum
1090 1416 1274 1453 tantum
1312 1415 1393 1459 est,
1438 1410 1679 1465 (quantum
1718 1421 1772 1449 ex

74 1499 276 1527 sermone
312 1485 561 1528 multorum
599 1484 803 1540 colligere
840 1483 983 1539 potui)
1019 1482 1143 1539 quod
1172 1480 1447 1538 quibusdam
1480 1479 1587 1521 viris
1618 1479 1772 1520 catho-

73 1555 167 1598 licis
188 1570 279 1598 non
300 1556 533 1612 probatur.
565 1555 681 1598 Sunt
713 1555 831 1598 inter
852 1554 973 1597 viros
995 1552 1244 1609 primarios,
1270 1551 1348 1608 qui
1370 1551 1523 1593 aulam
1544 1551 1667 1592 Tuae
1690 1543 1774 1591 ΒΓΕ

75 1631 337 1682 sequuntur,
375 1626 590 1669 haeretici
628 1626 802 1682 aliquot
839 1625 1034 1681 insignes
1071 1622 1527 1666 sacramentariorum
1564 1626 1609 1662 et
1647 1619 1773 1661 trini-

29 1697 293 1740 20tariorum
333 1697 555 1739 fermento
595 1697 764 1747 infecti,
807 1696 886 1753 qui
925 1710 1017 1738 non
1056 1695 1203 1737 solum
1243 1693 1446 1736 divinam
1486 1691 1773 1734 Maiestatem

74 1768 120 1810 in
150 1768 246 1810 loco
278 1782 404 1811 sacro
436 1768 709 1810 intolerabili
744 1767 936 1810 audacia
970 1766 1304 1822 blasphemant,
1342 1763 1530 1806 irrident
1567 1767 1611 1804 et
1647 1761 1774 1802 inau-

78 1838 182 1881 ditis
222 1839 506 1881 contumeliis
547 1839 767 1888 afficiunt,
823 1852 982 1881 verum
1022 1837 1162 1879 etiam
1203 1835 1370 1891 Regiae
1409 1835 1532 1876 Tuae
1572 1827 1643 1875 Mti
1682 1845 1774 1874 non

74 1909 218 1952 levem
237 1909 509 1966 ignominiae
530 1915 689 1952 notam
705 1910 905 1952 inurunt.
930 1909 1049 1951 Nam
1066 1908 1176 1949 dum
1190 1908 1288 1949 Tua
1303 1905 1517 1948 Maiestas
1538 1902 1772 1945 tremendo

76 1980 228 2023 altaris
268 1981 483 2023 sacrificio
525 1981 674 2036 capite
715 1981 908 2029 detecto,
952 1979 1124 2035 poplite
1164 1978 1280 2020 flexo
1321 1989 1500 2018 summa
1530 1973 1669 2016 animi
1700 1972 1773 2014 de-

31 2051 295 2101 25missione‚
329 2053 395 2106 (ut
423 2052 698 2094 catholicum
725 2052 854 2094 decet
880 2051 1044 2106 regem)
1077 2049 1278 2097 interest,
1307 2047 1371 2088 illi
1396 2046 1569 2088 interea
1595 2059 1622 2087 a
1648 2049 1772 2098 tergo

77 2125 311 2178 tamquam
337 2122 444 2164 novi
470 2122 793 2178 capharnaitae
820 2127 942 2163 tecto
974 2125 1128 2162 astant
1151 2118 1312 2174 capite,
1337 2131 1417 2159 nec
1441 2130 1567 2158 secus
1590 2129 1616 2157 a
1637 2114 1774 2156 missa

80 2192 198 2246 (vero
228 2198 273 2235 et
302 2193 435 2235 unico
474 2193 689 2235 sacrificio
732 2192 1003 2235 christianae
1045 2189 1283 2245 religionis)
1331 2188 1588 2234 abhorrent,
1634 2197 1772 2239 quam

76 2262 200 2318 impii
215 2264 392 2319 Judaei,
417 2269 497 2306 aut
520 2264 831 2306 Mahometani
848 2277 858 2314 ;
882 2262 1118 2316 citiusque,
1143 2260 1189 2301 ni
1212 2259 1354 2307 fallor,
1373 2257 1525 2312 capita
1547 2255 1771 2310 aperirent

77 2337 121 2374 et
155 2348 271 2389 genu
307 2340 548 2378 curvarent
586 2334 857 2376 simulachro
894 2332 1062 2376 Bacchi
1098 2336 1142 2373 et
1180 2335 1360 2371 statuae
1396 2326 1593 2374 Veneris,
1633 2338 1772 2380 quam

33 2420 66 2448 30
78 2403 249 2447 Christo
265 2419 369 2448 vere
384 2410 429 2447 et
444 2405 624 2447 realiter
638 2405 684 2446 in
700 2404 972 2446 eucharistia
991 2400 1216 2444 existenti.
1235 2401 1403 2442 Verum
1420 2398 1504 2439 hoc
1523 2400 1771 2450 utcumque

78 2473 222 2518 adhuc
249 2475 430 2519 tolerari
459 2480 624 2531 posset,
660 2475 695 2517 si
723 2480 907 2516 tantum
939 2474 1064 2515 velut
1097 2476 1276 2513 statuae
1298 2474 1485 2511 mutuae
1508 2466 1768 2516 adstarent;

78 2544 154 2586 sed
168 2560 258 2588 non
271 2546 343 2588 hic
359 2547 541 2597 sistunt,
558 2546 747 2588 ulterius
762 2544 1123 2600 progrediuntur,
1142 2541 1318 2583 addunt
1335 2539 1506 2581 malum
1522 2537 1654 2585 malo,
1671 2549 1772 2590 pec-

79 2620 229 2658 catum
258 2622 458 2672 peccato,
483 2617 706 2672 flagitium
728 2615 899 2671 flagitio
929 2626 1192 2669 aggravans,
1214 2610 1399 2653 missam
1428 2607 1571 2651 veluti
1600 2606 1772 2648 idolum

79 2684 204 2738 Jovis
242 2692 321 2730 aut
357 2688 564 2730 Mercurii
603 2687 822 2736 derident,
856 2684 1050 2727 ludibrio
1089 2688 1134 2725 et
1173 2680 1373 2724 ostentui
1409 2680 1596 2728 habent,
1635 2677 1771 2732 idque

35 2773 68 2800 35
81 2768 106 2797 a
126 2758 435 2812 spectantibus
457 2763 503 2801 et
524 2772 632 2814 prae
655 2758 805 2801 dolore
827 2753 1223 2812 ingemiscentibus
1242 2750 1487 2799 catholicis,
1515 2762 1628 2805 quos
1649 2746 1774 2803 quod

82 2825 304 2871 Christum
318 2829 365 2871 in
380 2834 667 2872 sacrosancto
683 2827 898 2871 sacrificio
919 2829 1203 2882 praesentem
1225 2823 1431 2870 adorant,
1452 2834 1543 2862 non
1558 2822 1774 2861 verentur

81 2895 336 2942 idololatras
374 2905 420 2942 et
453 2900 658 2943 Baalitas
689 2898 965 2955 appellitare.
1011 2895 1049 2938 O
1083 2894 1367 2950 impietatem
1398 2892 1641 2948 plusquam
1669 2889 1770 2931 bar-

82 2965 288 3019 baricam,
330 2985 355 3012 o
395 2970 710 3013 crudelitatem
749 2974 794 3011 et
839 2966 1193 3011 obstinationem
1231 2964 1473 3019 plusquam
1512 2959 1768 3016 Judaicam‚

81 3049 106 3077 ο
137 3039 401 3083 caecitatem
431 3041 701 3090 inauditam,
736 3040 1035 3093 tenebrasque
1066 3036 1308 3092 plusquam
1345 3032 1678 3088 Aegyptiacas;
1715 3041 1771 3069 en

37 3105 126 3148 40111
167 3123 303 3164 quam
346 3125 517 3154 crassos
560 3116 605 3154 et
635 3110 884 3167 palpabiles
927 3121 1095 3151 errores
1142 3105 1326 3148 miseros
1373 3102 1587 3146 mortales
1634 3098 1770 3153 impie

82 3176 280 3222 haereses
312 3182 580 3238 praecipites
612 3187 767 3238 agunt,
791 3185 842 3223 ut
866 3179 1052 3222 credant
1084 3177 1223 3220 etiam
1254 3173 1560 3217 indoctissime
1593 3184 1638 3212 se
1670 3169 1771 3225 plus
