2188 3535
82 194 176 231 1577
208 182 290 226 apr.
325 182 390 226 23]
849 181 911 216 No
964 185 1008 219 16
1723 192 1771 228 57

890 330 961 372 16.

637 427 757 476 Be‘cs,
790 431 951 484 [1577]
981 431 1138 485 aprilis
1169 442 1238 484 23.

158 534 218 572 Az
247 532 446 572 ausztriai
474 532 942 585 jezsuita-congregatio
972 547 1018 573 az
1049 534 1207 587 erdelyi
1234 534 1681 585 jezsuita-misszioert.

206 625 232 664 Ι
234 624 449 675 njormatio
475 624 521 663 de
546 625 739 664 missione
766 625 1089 677 Transylvanica
1107 631 1195 678 post
1216 628 1561 679 congregationem
1580 628 1771 666 Austria-

35 702 52 730 5
81 698 166 725 cam
191 684 325 736 pridie
351 683 494 723 Sancti
520 683 695 735 Georgii.

195 780 322 830 Sunt,
347 779 425 835 qui
454 779 538 822 sibi
570 780 842 835 persuadent
875 781 1105 823 sublatam
1138 796 1231 823 esse
1263 782 1447 824 omnino
1480 796 1607 837 spem
1637 782 1770 823 huius

81 850 313 893 missionis.
352 851 422 892 Ex
463 855 592 906 parte
636 851 820 906 quidem
864 852 1294 907 Transylvanorum‚
1341 857 1525 907 propter
1569 852 1772 894 assiduas

82 922 238 964 turbas
265 920 447 963 bellicas
476 921 642 976 passim
673 922 938 965 exorientes.
964 923 1035 964 Ex
1057 927 1186 978 parte
1216 923 1327 971 viae,
1360 923 1466 978 quia
1495 923 1607 965 solet
1637 923 1765 965 facile

84 991 288 1047 impediri
303 992 374 1034 vel
389 991 548 1041 hieme,
568 993 639 1034 vel
655 993 992 1035 excursionibus
1009 994 1259 1035 Turcarum
1278 993 1323 1034 in
1344 998 1530 1035 aestate.
1552 995 1624 1035 Ex
1643 999 1772 1048 parte

37 1073 70 1100 10
83 1077 187 1105 vero
223 1062 473 1111 Societatis‚
512 1063 620 1118 quia
657 1063 861 1105 nondum
896 1069 1118 1105 venerunt
1154 1078 1209 1105 ex
1243 1063 1366 1112 urbe,
1405 1063 1483 1118 qui
1518 1068 1645 1105 erant
1680 1064 1768 1104 huc

83 1133 295 1175 mittendi
317 1138 362 1175 et
386 1133 493 1189 quia
515 1133 742 1176 Austriaci
764 1135 1040 1176 haberentur
1062 1133 1272 1189 suspecti,
1297 1148 1352 1175 ne
1377 1133 1505 1175 alteri
1527 1133 1647 1188 parti
1668 1133 1773 1174 belli

84 1204 234 1246 forsan
268 1203 315 1245 in
350 1204 500 1259 aliquo
537 1204 758 1247 faverent.
796 1205 1036 1247 Caeterum
1067 1219 1282 1260 magnam
1316 1204 1464 1246 adhuc
1499 1217 1592 1245 esse
1628 1217 1768 1258 spem,

85 1279 258 1317 certum
288 1279 369 1323 est,
404 1279 449 1316 et
480 1274 517 1316 si
549 1276 603 1317 R.
638 1276 685 1317 P.
716 1275 944 1318 Generalis
975 1280 1130 1317 manet
1161 1275 1207 1316 in
1237 1274 1373 1330 priori
1404 1274 1649 1329 proposito,
1683 1288 1775 1315 non

86 1345 214 1387 facile
239 1344 512 1400 impedietur
535 1345 645 1387 haec
671 1345 836 1394 missio,
866 1351 963 1387 tam
990 1345 1234 1388 deliberate
1260 1349 1482 1400 suscepta,
1510 1344 1647 1386 toties
1674 1359 1774 1399 pro-

39 1427 72 1455 15
84 1415 219 1458 missa
247 1420 293 1457 et
321 1416 381 1457 ad
408 1420 591 1458 tantam
620 1415 705 1457 Dei
732 1416 921 1471 gloriam
950 1416 1117 1458 futura.

197 1487 268 1527 Ex
288 1490 418 1541 parte
437 1486 856 1541 Transylvanorum
877 1491 1053 1541 praeest
1075 1501 1194 1528 nunc
1214 1486 1277 1528 illi
1299 1485 1469 1541 regioni
1490 1486 1629 1527 frater
1649 1500 1776 1541 prae-

85 1556 282 1599 cedentis
302 1555 559 1600 vaivodae.1
585 1557 677 1599 Iste
700 1561 854 1599 autem
877 1557 1017 1599 frater
1038 1562 1105 1599 est
1127 1557 1212 1606 ille,
1241 1556 1319 1613 qui
1345 1571 1463 1599 anno
1489 1556 1777 1612 praecedenti

85 1627 206 1670 misit
245 1627 398 1669 omnia
437 1627 686 1669 necessaria
726 1627 785 1669 ad
824 1633 1026 1670 nostram
1068 1628 1429 1683 profectionem,2
1469 1627 1595 1683 quod
1634 1627 1779 1682 magis

88 1712 205 1740 nunc
223 1698 371 1748 faciet,
392 1698 608 1740 maiorem
626 1698 798 1740 habens
816 1703 1105 1754 potestatem.
1128 1699 1211 1740 Est
1231 1703 1388 1740 autem
1406 1703 1542 1740 notus
1561 1697 1776 1740 Societati

41 1773 133 1811 aoet
158 1768 355 1811 Societas
380 1768 455 1818 illi,
484 1768 571 1810 fuit
596 1769 642 1811 in
669 1769 817 1818 Italia,
845 1769 1047 1825 loquitur
1063 1769 1220 1812 Italice
1246 1774 1291 1811 et
1317 1768 1530 1811 transivit
1556 1768 1602 1810 in
1627 1768 1777 1810 reditu

89 1853 166 1895 per
184 1839 268 1882 hoc
289 1839 525 1895 collegium
544 1839 833 1882 Viennense.3
854 1840 939 1882 Via
959 1840 1043 1882 etsi
1065 1854 1197 1895 saepe
1218 1840 1330 1882 solet
1353 1839 1574 1895 impediri,
1599 1839 1776 1894 saepius

89 1915 242 1952 tamen
267 1910 408 1952 libera
435 1915 502 1952 est
530 1915 575 1952 et
603 1915 703 1953 toto
732 1925 850 1953 anno
878 1911 981 1953 hinc
1009 1911 1113 1953 inde
1141 1911 1234 1952 itur
1261 1916 1305 1952 et
1334 1911 1519 1952 reditur.
1551 1911 1621 1952 Ex
1648 1915 1777 1965 parte

91 1981 323 2023 Societatis
346 1980 509 2023 ultimo
534 1981 712 2037 scripsit
737 1983 786 2024 P.
812 1982 1069 2037 Stephanus
1091 1983 1300 2037 Ungarus
1319 1984 1336 2009 4
1359 1983 1413 2023 R.
1440 1982 1487 2023 P.
1514 1981 1777 2024 Generalem

90 2051 251 2094 habere.
290 2066 385 2094 rem
425 2052 560 2101 cordi,
602 2057 786 2094 tantum
826 2057 1064 2108 expectare
1105 2052 1500 2108 opportunitatem
1541 2051 1777 2098 missionis,

45 2136 203 2178 25quae
222 2123 441 2165 hactenus
460 2137 551 2165 non
570 2123 824 2165 occurrerit.
849 2124 980 2165 Hanc
1000 2137 1106 2165 vero
1127 2122 1523 2178 opportunitatem
1544 2135 1777 2177 suggeram

90 2206 168 2248 ego
193 2193 277 2236 hoc
304 2193 485 2249 scripto.

204 2263 533 2320 Opportunitas
563 2269 692 2313 esset,
725 2264 761 2306 si
792 2264 943 2306 missio
975 2265 1083 2306 haec
1114 2263 1476 2305 committeretur
1506 2264 1559 2304 R.
1594 2263 1641 2303 P.
1668 2264 1776 2304 Pro-

93 2333 268 2377 vinciali
307 2335 519 2377 Polonico
559 2340 603 2376 et
643 2349 724 2376 nos
763 2335 810 2376 in
849 2335 1084 2377 Poloniam
1127 2334 1423 2376 mitteremur.
1466 2333 1617 2387 Longe
1656 2331 1776 2373 enim

93 2405 233 2447 maius
271 2405 591 2448 commercium
616 2409 683 2447 est
707 2410 752 2447 et
776 2405 862 2446 fuit
886 2419 1061 2460 semper
1083 2405 1201 2446 inter
1223 2404 1414 2446 Polonos
1437 2408 1482 2444 et
1506 2402 1776 2457 Transylva-

47 2488 184 2525 ainos,
229 2490 367 2532 quam
411 2490 515 2518 cum
544 2475 806 2518 Austriacis.
854 2476 1104 2530 Postquam
1149 2474 1269 2516 enim
1312 2473 1511 2529 Ungaria
1554 2473 1601 2514 in
1630 2473 1780 2528 plures

96 2544 282 2589 ditiones
312 2552 380 2589 est
412 2546 569 2595 divisa,
603 2560 779 2601 semper
809 2545 994 2588 Austria
1026 2550 1070 2587 et
1102 2545 1301 2600 Ungaria
1332 2548 1437 2586 sunt
1468 2543 1553 2585 sibi
1582 2543 1776 2585 invicem

96 2622 336 2672 suspectae.
391 2617 592 2666 Accedit,
636 2617 759 2672 quod
799 2617 974 2658 nullum
1015 2615 1252 2672 collegium
1293 2614 1530 2657 Societatis
1571 2618 1638 2656 est
1679 2628 1780 2668 pro-

97 2685 303 2743 pinquius
347 2687 682 2744 Transylvanis,
732 2701 871 2742 quam
917 2686 1152 2741 collegium
1198 2685 1477 2740 Jaroslaviae
1523 2684 1778 2726 subiectum

97 2757 354 2812 provinciali
382 2759 593 2801 Poloniae
618 2763 662 2800 et
688 2758 746 2800 ab
771 2757 928 2800 eodem
953 2756 1216 2812 provinciali
1242 2755 1393 2811 accepi
1415 2755 1582 2805 literas,
1614 2755 1779 2810 quibus

51 2826 370 2882 „assignificabat
403 2844 448 2872 se
478 2830 571 2872 iam
602 2829 733 2871 nobis
764 2841 1055 2884 praeparasse
1104 2829 1253 2869 locum
1299 2827 1345 2868 in
1376 2825 1645 2881 Jaroslavia,
1677 2839 1782 2868 cum

95 2896 382 2943 intellexisset
413 2914 496 2942 nos
526 2915 606 2957 per
635 2900 760 2942 illam
791 2898 914 2941 viam
944 2898 992 2940 in
1022 2897 1407 2953 Transylvaniam
1438 2897 1723 2939 transituros.

220 3023 234 3044 1
260 3023 442 3068 Bathory
471 3023 638 3058 Kristof.
708 3024 722 3044 2
750 3023 847 3056 Erre
876 3022 918 3056 P.
951 3021 1098 3055 Szanto
1125 3021 1259 3056 elobbi
1284 3022 1488 3056 leveleben
1515 3020 1639 3054 kerte-

219 3081 233 3102 ³
259 3083 316 3116 Ez
338 3083 405 3128 reg
427 3084 527 3124 volt,
551 3083 641 3128 meg
669 3082 876 3127 1558-ban,
901 3081 1038 3115 midon
1061 3080 1245 3126 Bathory
1269 3080 1426 3115 Kristof
1447 3078 1617 3114 kfflfoldi
1639 3078 1783 3111 kovet-

95 3137 235 3183 segben
260 3140 354 3184 jairt.
435 3141 450 3162 ⁴
477 3141 520 3175 P.
548 3140 696 3175 Szanto
722 3139 876 3174 Istvan.
