2188 3535
114 223 208 270 1583
242 221 386 256 marm.
423 223 486 268 15]
882 223 956 258 No.
988 225 1033 258 88
1739 229 1811 268 267

244 352 283 383 2.
336 339 644 383 Ostenduntur
693 340 917 390 catholici,
964 341 1080 385 sicut
1120 341 1340 385 hactenus
1389 342 1571 399 plurimi
1623 343 1806 387 suerunt

112 410 284 460 offensi,
307 425 411 454 cum
432 410 638 453 viderent
660 425 742 453 nos
763 426 854 454 non
875 412 1002 468 sequi
1022 413 1068 455 in
1089 413 1299 456 omnibus
1320 428 1492 457 morem
1512 414 1807 471 antiquorum

111 481 438 525 catholicorum
467 481 515 523 in
544 481 823 525 celebrandis
853 487 898 524 et
930 483 1268 539 promulgandis
1299 484 1438 533 festis,
1471 485 1551 527 sed
1580 485 1807 541 quaedam

113 553 229 595 festa
255 551 363 594 olim
389 551 581 594 celebria
607 551 934 596 omitteremus.
966 554 1113 596 Immo
1142 554 1293 610 palam
1320 554 1450 597 nobis
1477 554 1808 612 indignabundi

61 639 81 667 5
112 623 385 674 obiecerunt,
410 637 492 665 nos
513 636 595 665 nec
617 622 862 666 catholicos
884 637 1026 673 veros,
1051 639 1131 667 nec
1154 625 1402 668 haereticos
1424 640 1518 668 esse
1538 640 1544 668 :
1586 626 1710 682 quod
1730 640 1812 669 nec

111 708 216 736 cum
230 693 315 736 illis
330 693 376 735 in
392 693 612 736 festorum
629 693 942 743 celebratione,
960 709 1041 737 nec
1058 709 1161 738 cum
1176 695 1245 738 his
1260 695 1306 738 in
1328 696 1415 739 fide
1438 697 1806 740 consentiremus.

242 776 281 818 3.
308 765 559 814 Praeterea,
578 763 615 806 si
631 763 703 806 hic
726 763 879 820 aliqua
901 764 1018 807 festa
1041 765 1365 809 catholicorum
1387 767 1657 823 incipiamus
1679 768 1808 810 abro-

109 849 226 891 gare,
250 834 619 877 confirmabimus
639 834 890 878 haereticos
911 834 957 878 in
978 836 1069 878 suis
1090 836 1326 886 erroribus,
1348 837 1426 894 qui
1447 838 1611 880 docent
1633 838 1810 881 nullum

112 920 205 948 esse
241 905 409 948 festum
444 910 624 961 praeter
659 904 780 948 diem
816 905 1118 949 dominicam:
1161 907 1334 964 reliqua
1368 908 1522 951 omnia
1557 923 1584 951 a
1619 908 1810 965 papistis

64 992 99 1020 10
114 976 209 1019 sine
231 975 455 1032 scriptura
477 980 522 1018 et
546 975 640 1018 sine
662 975 838 1019 ratione
861 976 998 1020 fuisse
1020 977 1294 1021 introducta.
1326 978 1447 1034 Quin
1469 979 1609 1022 etiam
1631 978 1810 1035 gloriari

112 1051 329 1103 poterunt
356 1051 477 1089 recte
504 1061 550 1089 se
578 1046 734 1089 fecisse
762 1047 1023 1103 abrogando
1051 1049 1197 1091 multa
1225 1054 1486 1092 sanctorum
1514 1049 1658 1092 festa:
1707 1064 1812 1092 cum

111 1118 253 1161 etiam
282 1117 519 1172 Jesuvitae
548 1132 669 1159 nunc
699 1117 846 1160 multa
876 1118 934 1160 ab
965 1118 1164 1175 antiquis
1194 1119 1384 1175 papistis
1414 1120 1659 1162 observata
1688 1120 1808 1169 olim,

111 1203 205 1231 non
228 1189 470 1231 observent
494 1188 644 1237 modo,
670 1188 943 1232 damnantes
966 1188 1145 1233 illorum
1169 1204 1363 1232 errorem
1387 1190 1434 1232 in
1456 1189 1812 1246 multiplicandis

111 1259 240 1302 festis
282 1263 328 1302 et
371 1259 639 1302 confitentes
681 1259 918 1302 nobiscum
961 1260 1217 1309 veritatem,
1262 1261 1342 1303 sed
1382 1260 1659 1317 imperfecte.
1712 1261 1812 1316 Qua

64 1345 97 1374 15
111 1330 158 1372 in
186 1344 232 1373 re
259 1330 382 1372 nullo
411 1330 548 1373 modo
576 1330 731 1373 cedere
761 1330 832 1373 vel
859 1330 1096 1373 assimilari
1124 1331 1334 1374 catholici
1361 1331 1599 1374 haereticis
1627 1331 1808 1379 debent,

111 1401 192 1444 sed
228 1400 440 1443 omnibus
476 1400 629 1457 potius
666 1401 813 1443 modis
851 1401 1254 1444 contradicendum
1292 1406 1337 1445 et
1376 1402 1493 1444 festa
1530 1401 1676 1444 multo
1716 1401 1811 1444 dili-

111 1471 291 1528 gentius
310 1485 431 1514 nunc
452 1486 479 1514 a
499 1471 732 1514 catholicis
753 1477 860 1514 sunt
881 1472 1178 1521 observanda,
1202 1487 1340 1528 quam
1361 1477 1497 1515 antea
1518 1486 1525 1514 :
1549 1487 1605 1514 ne
1626 1472 1812 1515 ecclesia

113 1542 324 1585 videatur
355 1542 506 1598 aliquo
538 1542 674 1585 modo
707 1543 863 1585 cedere
894 1543 1224 1586 haereticorum
1256 1543 1495 1599 impietati,
1544 1557 1636 1600 qua
1679 1543 1811 1585 bene-

113 1613 216 1657 ficia
252 1613 349 1662 Dei,
390 1613 668 1662 memoriam,
709 1613 898 1663 cultum,
938 1614 1274 1657 invocationem
1312 1619 1357 1657 et
1396 1614 1513 1657 festa
1550 1618 1813 1656 sanctorum

62 1699 99 1726 20
114 1682 295 1740 penitus
329 1684 506 1727 abolere
540 1688 776 1726 conantur.
815 1685 928 1727 Cum
962 1684 1082 1727 enim
1117 1685 1302 1728 ecclesia
1335 1685 1560 1728 catholica
1593 1684 1754 1727 statim
1789 1699 1814 1727 a

114 1754 395 1811 temporibus
434 1755 744 1811 apostolorum
783 1761 828 1798 et
868 1760 1049 1798 sanctos
1088 1755 1379 1805 invocandos,
1423 1761 1467 1798 et
1508 1755 1625 1798 festa
1664 1755 1811 1797 obser-

113 1826 266 1869 vanda
287 1840 381 1868 esse
403 1825 641 1868 crediderit
664 1830 709 1868 et
733 1826 949 1875 docuerit,
974 1826 1011 1868 si
1032 1827 1118 1869 hac
1139 1826 1186 1869 in
1207 1832 1336 1882 parte
1358 1826 1597 1869 haereticis
1619 1826 1810 1873 cederet,

114 1895 246 1939 fateri
261 1896 493 1939 videretur
507 1911 552 1938 se
568 1910 736 1939 errasse
752 1896 799 1939 in
813 1897 914 1946 fide,
933 1897 1156 1953 religione,
1175 1897 1301 1940 festis
1317 1902 1361 1940 et
1378 1898 1504 1940 cultu
1520 1903 1783 1939 sanctorum
1801 1909 1810 1946 ;

113 1967 237 2023 quod
260 1966 355 2009 fieri
379 1982 471 2009 non
495 1971 661 2022 potest,
688 1981 793 2010 cum
817 1967 863 2009 in
887 1968 1020 2010 rebus
1044 1968 1149 2010 fidei
1173 1974 1356 2024 regatur
1380 1983 1407 2011 a
1432 1968 1604 2024 Spiritu
1629 1968 1809 2010 Sancto.

62 2053 99 2081 25
120 2039 409 2094 Quapropter
422 2037 469 2079 in
485 2037 762 2080 contrarium
778 2037 862 2079 niti
882 2043 1076 2094 oportet,
1099 2039 1322 2081 servando
1343 2038 1534 2094 vestigia
1554 2042 1812 2080 nostrorum

114 2108 350 2157 maiorum,
390 2108 468 2164 qui
504 2107 793 2163 surgentibus
828 2108 959 2150 novis
994 2108 1255 2151 haeresibus
1291 2109 1476 2151 obviam
1512 2108 1661 2151 ierunt
1699 2107 1810 2149 veri-

115 2183 260 2222 tatem
293 2178 596 2234 praedicando
630 2178 888 2221 instantius.
927 2179 1072 2229 Unde,
1109 2184 1268 2221 contra
1298 2179 1519 2221 haeresim
1540 2178 1811 2220 Asianorum

114 2249 369 2306 composuit
395 2250 591 2305 hymnos
618 2249 673 2291 de
699 2249 922 2292 Trinitate
949 2249 1082 2291 divus
1108 2249 1386 2297 Ambrosius,
1416 2248 1493 2304 qui
1520 2263 1547 2291 a
1572 2247 1740 2304 populo
1766 2247 1811 2289 in

114 2320 299 2363 ecclesia
323 2324 629 2362 cantarentur.
659 2320 787 2362 Idem
811 2319 917 2362 fecit
942 2320 1074 2362 divus
1098 2319 1379 2375 Augustinus
1403 2319 1462 2362 ad
1485 2318 1812 2361 destruendum

65 2406 101 2434 30
115 2391 310 2434 schisma
339 2390 701 2433 Donatistarum.
735 2390 864 2432 Idem
893 2404 973 2445 pro
1004 2390 1268 2432 diversitate
1297 2389 1630 2445 insurgentium
1658 2389 1810 2431 haere-

115 2462 233 2505 sium
254 2461 439 2504 ecclesia
471 2460 671 2504 mutavit
705 2460 942 2516 aliquoties
976 2460 1304 2503 communionis
1338 2460 1539 2508 modum,
1575 2473 1694 2501 nunc
1728 2459 1811 2501 sub

117 2547 208 2575 una
240 2537 437 2581 tantum,
461 2546 582 2574 nunc
605 2532 689 2574 sub
712 2536 906 2587 utraque
940 2531 1085 2586 specie
1119 2531 1396 2586 praecipiens
1428 2530 1530 2572 filiis
1564 2529 1813 2572 communi-

116 2617 230 2646 care.
264 2604 414 2659 Quare
438 2608 483 2646 et
507 2617 627 2644 nunc
652 2617 717 2651 ea,
744 2617 860 2658 quae
885 2616 911 2644 a
936 2601 1181 2644 maioribus
1204 2601 1322 2643 circa
1345 2601 1534 2649 cultum,
1562 2599 1812 2643 veneratio-

116 2689 222 2717 nem
258 2679 303 2716 et
341 2674 458 2716 festa
494 2679 756 2716 sanctorum
793 2672 1060 2728 accepimus,
1101 2672 1358 2728 diligentius
1393 2671 1514 2714 inter
1548 2670 1811 2720 haereticos,

68 2759 257 2800 35quam
293 2744 412 2787 inter
447 2744 693 2787 catholicos
730 2744 969 2786 observare
1006 2743 1235 2791 debemus,
1274 2747 1327 2784 ut
1365 2742 1573 2784 videntes
1610 2746 1813 2784 nostram

117 2815 267 2864 fidem,
289 2820 446 2857 nostra
466 2815 595 2864 festa,
618 2819 887 2870 nostrasque
907 2813 1195 2862 ceremonias,
1217 2813 1263 2855 in
1283 2813 1405 2855 nullo
1426 2813 1609 2869 penitus
1629 2827 1656 2854 a
1675 2811 1813 2854 maio-

118 2899 219 2928 rum
267 2889 527 2928 nostrorum
575 2885 785 2941 religione
835 2884 1082 2933 dissentire,
1136 2884 1384 2939 pudefiant,
1437 2897 1632 2926 errorem
1681 2896 1813 2924 suum

119 2960 367 3011 agnoscant
399 2960 444 2999 et
477 2956 537 2999 ad
568 2956 794 2998 unitatem
827 2954 1036 2997 ecclesiae
1068 2954 1315 2997 catholicae
1347 2958 1647 2997 revertantur.

250 3039 292 3081 4.
336 3027 391 3069 In
430 3026 628 3076 Austria,
672 3025 888 3074 Moravia,
933 3025 1164 3074 Bohemia,
1209 3024 1360 3080 Styria
1400 3029 1445 3067 et
1486 3023 1729 3066 Germania
1768 3022 1814 3064 in

71 3096 269 3140 4ornedio
291 3096 635 3145 haereticorum,
661 3097 707 3139 in
730 3096 1091 3152 quibuscumque
1114 3095 1221 3138 locis
1244 3094 1387 3137 nostri
1409 3099 1561 3150 patres
1584 3093 1811 3143 habitant,

120 3167 244 3210 nulla
273 3181 395 3210 nova
427 3167 544 3210 festa
572 3167 936 3215 introduxerunt,
968 3181 1048 3209 nec
1067 3166 1257 3222 antiqua
1275 3165 1584 3208 aboleverunt.
1607 3164 1695 3207 Sed
1710 3164 1815 3206 hae-
