2188 3535
356 204 427 238 304
1119 185 1192 218 No.
1223 184 1272 228 96
1719 182 1835 228 [1583
1869 191 1958 226 aug.
1997 192 2040 227 13

355 318 444 359 tur,
472 325 522 353 ac
548 309 704 352 eadem
720 305 901 362 piscina,
926 317 1064 358 quam
1080 301 1216 343 semel
1232 301 1327 342 Deo
1344 299 1544 342 dicatam
1559 299 1606 341 in
1621 299 1733 341 alios
1749 313 1856 341 usus
1871 299 2043 342 diutius

359 382 541 425 minime
558 375 907 421 convertendam
919 386 1012 415 esse
1024 372 1166 419 decet,
1184 370 1269 413 Dei
1283 384 1436 412 rursus
1450 375 1496 412 et
1512 370 1722 412 ecclesiae
1737 384 1844 412 suae
1860 370 2045 413 servitio

356 452 516 495 merito
555 447 876 492 restitueretur,
918 443 977 485 ad
1016 440 1267 483 Maiestatis
1305 440 1486 483 divinae
1524 440 1726 496 gloriam.
1775 441 1924 496 Quare
1963 455 2044 497 pro

354 526 484 578 parte
510 518 617 561 dicti
644 514 815 559 Claudii
840 512 1085 569 praepositi
1110 511 1327 567 generalis
1351 511 1481 553 nobis
1505 511 1737 554 humiliter
1762 511 1848 553 fuit
1874 512 2044 568 suppli-

325 597 519 637 catum,
562 593 612 629 ut
653 585 756 628 huic
799 582 1045 626 necessario
1086 582 1210 638 operi
1250 596 1412 624 manus
1453 581 1709 630 adiutrices,
1754 587 1805 625 ut
1846 583 2044 639 expedit,
2078 599 2096 626 5

353 662 606 705 admovere,
637 670 689 698 ac
717 655 827 697 alias
854 654 900 696 in
928 653 1184 709 praemissis
1213 657 1468 708 opportune
1496 653 1735 709 providere
1764 654 1819 696 de
1847 654 2047 711 benigni-

354 737 449 773 tate
490 727 737 784 apostolica
777 725 1076 781 dignaremur.
1122 725 1216 766 Nos
1258 723 1407 779 igitur,
1450 724 1531 779 ¹qui
1571 724 1748 766 dudum
1800 725 1918 767 inter
1961 725 2049 768 alia

353 800 588 847 voluimus,
627 796 750 853 quod
781 809 957 851 semper
988 795 1034 836 in
1065 794 1308 837 unionibus
1340 794 1596 837 commissio
1628 796 1757 838 fieret
1799 796 1858 838 ad
1896 800 2048 852 partes

353 870 538 918 vocatis,
593 882 786 924 quorum
855 866 1104 914 interesset,
1167 866 1362 908 eundem
1419 865 1659 908 Claudium
1721 867 2043 922 praepositum,

353 958 377 984 a
451 939 687 996 quibusvis
752 936 1250 986 excommunicationis,
1317 936 1620 992 suspensionis
1688 943 1732 980 et
1801 937 2044 987 interdicti,
2061 960 2095 987 10

350 1012 536 1068 aliisque
575 1008 885 1052 ecclesiasticis
924 1007 1173 1058 sententiis,
1211 1007 1410 1050 censuris
1442 1012 1486 1049 et
1520 1008 1675 1064 poenis
1708 1022 1735 1050 a
1764 1010 1858 1051 iure
1888 1009 1960 1051 vel
1988 1010 2047 1052 ab

352 1082 546 1130 homine,
598 1080 760 1136 quavis
808 1079 1041 1122 occasione
1093 1079 1164 1121 vel
1213 1093 1350 1121 causa
1397 1078 1514 1128 latis,
1560 1079 1597 1121 si
1645 1079 1812 1135 quibus
1859 1094 2046 1136 quomo-

351 1153 521 1196 dolibet
543 1152 788 1194 innodatus
810 1150 1000 1200 exstitit,
1026 1150 1086 1192 ad
1107 1150 1320 1192 effectum
1356 1150 1662 1206 praesentium
1685 1151 1914 1193 duntaxat
1944 1165 2047 1194 con-

353 1224 633 1280 sequendum
661 1223 823 1264 harum
855 1221 966 1263 serie
1001 1221 1288 1263 absolventes
1316 1226 1361 1263 et
1389 1221 1651 1264 absolutum
1684 1221 1776 1264 fore
1799 1227 2044 1271 censentes,

351 1310 433 1338 nec
475 1308 565 1337 non
606 1306 980 1350 quarumcunque
1022 1292 1214 1334 aliarum
1255 1291 1608 1341 concessionum,
1653 1292 1960 1336 annexionum
2000 1298 2046 1335 et
2060 1313 2094 1341 15

352 1365 708 1422 applicationum
736 1363 880 1406 eidem
904 1363 1088 1419 collegio
1111 1364 1332 1405 hactenus
1369 1363 1609 1412 factarum,
1635 1377 1716 1406 1166
1740 1378 1831 1406 11011
1853 1364 2048 1407 veriores

352 1437 577 1479 dictarum
601 1435 854 1477 litterarum
870 1439 915 1476 et
931 1434 1035 1477 inde
1059 1439 1356 1490 sequutorum
1379 1448 1770 1490 quorumcumque
1795 1440 1972 1478 tenores
1994 1449 2047 1477 ac

355 1508 491 1550 datae
537 1506 773 1562 dictaeque
820 1505 1017 1561 piscinae
1063 1505 1343 1554 situationes,
1393 1506 1602 1556 confines,
1639 1506 1862 1549 vocabula
1907 1506 2047 1549 etiam

354 1578 542 1627 veriora,
602 1577 784 1633 eiusque
824 1591 876 1619 ac
917 1576 1087 1632 collegii
1126 1576 1385 1619 huiusmodi
1425 1576 1670 1626 fructuum,
1730 1577 1960 1620 redituum
2000 1582 2045 1619 et

356 1653 673 1705 proventuum,
691 1662 820 1691 veros
835 1662 1010 1690 annuos
1024 1647 1199 1690 valores
1214 1647 1527 1703 praesentibus
1542 1662 1623 1703 pro
1639 1647 1858 1703 expressis
1877 1648 2045 1690 haben·
2059 1667 2094 1694 20

355 1726 424 1762 tes
455 1719 711 1762 huiusmodi
743 1718 1148 1775 supplicationibus
1179 1718 1383 1761 inclinati
1411 1718 1631 1774 piscinam
1654 1718 1909 1774 praefatam
1941 1733 2045 1762 cum

352 1791 563 1833 omnibus
593 1790 776 1840 iuribus,
823 1789 1051 1840 membris,
1098 1789 1412 1845 dependentiis
1443 1795 1488 1831 et
1520 1789 1805 1845 pertinentiis
1849 1789 1941 1832 suis
1986 1792 2044 1833 ab

353 1862 511 1904 eadem
570 1862 704 1904 domo
756 1861 1005 1917 apostolica
1056 1860 1330 1903 auctoritate
1383 1866 1537 1903 tenore
1590 1861 1896 1916 praesentium
1947 1875 2044 1917 per-

353 1938 490 1988 petuo
529 1932 905 1975 dismembramus
943 1936 988 1974 et
1033 1946 1306 1987 separamuS,
1349 1931 1562 1988 illamque
1601 1931 1662 1974 sic
1702 1937 1960 1987 separatam
1999 1936 2044 1974 et

353 2003 725 2045 dismembratam
759 2018 863 2046 curn
898 2002 1066 2045 eisdem
1100 2002 1192 2045 suis
1224 2002 1396 2045 iuribus
1429 2008 1474 2045 et
1508 2002 1792 2058 pertinentiis
1825 2002 2045 2045 universis
2057 2021 2092 2049 25

355 2074 558 2129 praefato
576 2074 772 2130 collegio,
796 2074 862 2117 ita
887 2075 1012 2130 quod
1035 2074 1167 2116 liceat
1194 2073 1420 2116 modernis
1445 2078 1490 2116 et
1516 2088 1597 2130 pro
1623 2078 1826 2129 tempore
1851 2074 2044 2116 existen-

360 2145 482 2187 tibus
506 2145 615 2187 dicti
639 2145 810 2201 collegii
833 2145 995 2188 rectori
1019 2150 1064 2188 et
1089 2144 1391 2201 collegialibus
1415 2145 1615 2200 personis
1639 2159 1718 2200 per
1741 2159 1786 2187 se
1811 2145 1882 2187 vel
1905 2144 2045 2187 alium

357 2230 435 2258 seu
463 2216 573 2258 alios
600 2216 800 2258 eiusdem
828 2216 999 2272 collegii
1026 2216 1207 2258 nomine
1235 2216 1513 2271 corporalem
1540 2215 1705 2259 realem
1746 2220 1790 2258 et
1819 2216 2044 2258 actualem

356 2287 679 2341 possessionem
715 2287 912 2343 piscinae
949 2301 1223 2342 suorumque
1255 2286 1419 2329 iurium
1448 2292 1493 2329 et
1517 2286 1894 2342 pertinentiarum
1918 2300 2043 2342 prae-

355 2357 578 2400 dictorum
612 2358 793 2414 propria
825 2358 1098 2401 auctoritate
1131 2358 1267 2400 libere
1301 2358 1649 2413 apprehendere,
1686 2371 1765 2402 seu
1796 2357 1919 2400 illam
1952 2357 2093 2403 iam3o

358 2428 506 2470 forsan
525 2430 853 2484 apprehensam
871 2428 1136 2472 continuare
1155 2434 1200 2471 et
1220 2434 1439 2484 perpetuo
1459 2428 1662 2477 retinere,
1685 2442 1736 2470 36
1755 2442 1856 2471 63111
1876 2433 2040 2477 1611616,

354 2498 529 2548 habere,
559 2499 732 2554 piscari,
760 2515 908 2556 regere
934 2504 978 2542 et
1004 2500 1266 2556 gubernare,
1288 2513 1340 2541 ac
1360 2499 1432 2541 cui
1457 2513 1535 2542 seu
1561 2499 1725 2555 quibus
1750 2499 1790 2541 ei
1815 2498 2043 2541 videbitur

357 2568 512 2617 locare,
536 2570 763 2620 dislocare‚
786 2585 867 2613 nec
887 2585 979 2613 non
999 2571 1093 2613 eius
1113 2570 1269 2626 pisces,
1310 2570 1497 2619 fructus,
1536 2570 1708 2612 reditus
1728 2575 1773 2612 et
1795 2574 2043 2626 proventus

359 2638 402 2679 in
438 2653 539 2681 51105
574 2646 617 2682 et
653 2641 791 2696 ipsius
826 2641 997 2698 collegii
1030 2656 1138 2684 usus
1172 2646 1217 2683 et
1252 2641 1501 2683 utilitatem
1535 2646 1808 2689 convertere,
1846 2639 2043 2682 cuiusvis

357 2708 536 2751 licentia
576 2711 765 2767 desuper
796 2712 980 2755 minime
1012 2712 1241 2768 requisita,
1271 2711 1544 2754 auctoritate
1572 2716 1616 2754 et
1645 2716 1799 2753 tenore
1826 2710 2042 2766 praefatis
2054 2728 2090 2755 35

357 2778 494 2820 etiam
528 2787 744 2836 perpetuo
778 2783 1071 2839 applicamus,
1109 2782 1467 2838 appropriamus,
1504 2782 1787 2825 annectimus
1820 2786 1865 2823 et
1899 2780 2041 2823 incor-

357 2863 580 2903 poramus,
609 2865 660 2893 ac
686 2852 808 2896 illam
835 2868 861 2896 a
888 2854 1010 2896 dicta
1037 2854 1172 2896 domo
1199 2853 1585 2901 dismembratam,
1615 2856 1886 2908 separatam,
1915 2851 2041 2894 abdi-

356 2925 507 2961 catam
535 2920 765 2978 eidemque
794 2924 976 2980 collegio
1004 2924 1051 2966 in
1072 2929 1344 2980 perpetuum
1366 2923 1656 2978 applicatam,
1684 2922 2038 2978 appropriatam,

356 3002 579 3032 annexam
611 2996 654 3033 et
690 2993 1022 3050 incorporatam
1055 3009 1161 3043 esse,
1197 3008 1277 3036 nec
1297 3008 1388 3036 non
1420 2998 1678 3049 praesentes
1713 2992 1879 3042 literas,
1919 2993 2042 3035 nullo

357 3073 558 3114 unquam
582 3066 781 3117 ternpore
805 3070 849 3106 et
872 3066 931 3107 ad
952 3065 1093 3121 ipsius
1114 3065 1288 3113 domus,
1314 3064 1594 3119 aliorumque
1616 3063 1880 3119 quorumvis
1902 3063 2089 3108 etiam40

356 3129 498 3171 totius
529 3131 693 3174 ordinis
725 3134 981 3178 huiusmodi
1008 3135 1288 3191 superiorum
1322 3134 1602 3184 instantiam,
1638 3134 1800 3190 quovis
1833 3134 2039 3191 quaesito
