2188 3535
141 231 232 272 1581
269 230 395 274 szept.
432 229 469 272 1]
906 230 982 265 No.
1012 237 1060 274 59
1761 231 1829 270 187

137 346 410 403 imprecatus
447 346 531 389 sibi
576 345 737 396 fuerat,
771 352 823 389 ut
866 348 1019 404 lingua
1049 362 1131 390 sua
1172 351 1216 389 et
1261 347 1396 391 facies
1439 346 1487 389 in
1530 346 1642 389 hora
1672 345 1832 388 mortis

138 422 427 474 putresceret,
454 417 491 460 si
514 431 607 460 non
628 431 736 460 vera
757 418 943 461 dixisset
960 433 970 469 ;
999 423 1043 461 et
1065 418 1131 461 ita
1152 418 1192 461 ei
1213 419 1417 476 contigit,
1441 416 1832 475 quemadmodum

138 493 380 538 testantur,
413 488 492 545 qui
518 488 745 531 viderunt.

270 560 379 602 Post
406 564 601 602 mortem
628 560 855 602 Francisci
883 560 1085 609 Davidis,
1115 561 1264 603 nullus
1291 561 1409 603 inter
1435 574 1591 602 omnes
1616 559 1832 602 inventus

89 645 107 672 5
138 635 219 680 est,
252 631 330 687 qui
360 645 496 673 ausus
526 630 696 681 fuisset,
735 631 972 674 nobiscum
993 631 1039 673 in
1061 645 1245 674 arenam
1267 631 1547 674 descendere.
1582 631 1682 673 Hoc
1711 644 1831 673 anno

140 702 249 755 1581
282 702 400 744 circa
431 702 599 744 festum
631 701 726 744 divi
757 702 947 758 Georgii,
983 707 1218 758 praesente
1250 703 1463 759 principe,
1487 701 1832 744 institueramus
1845 705 1913 744 Aps.
1935 720 1977 743 24-

138 773 412 828 theologicas
446 772 779 828 disputationes
813 773 868 815 de
903 774 1042 816 verbo
1075 773 1161 817 Dei
1193 774 1408 829 publicas.
1444 773 1648 815 Aderant
1681 771 1832 814 triduo

138 848 245 886 ante
273 843 480 899 amplius,
511 858 650 900 quam
678 855 733 897 50
761 844 980 895 ministri;
1018 843 1172 886 multis
1199 845 1378 887 illorum
1400 843 1535 886 datae
1556 847 1663 885 sunt
1685 843 1834 884 theses

139 919 184 956 et
212 915 512 970 promiserant
540 929 587 957 se
614 920 831 958 venturos
859 920 904 957 et
933 915 1000 957 ita
1027 915 1191 957 acriter
1221 915 1458 958 nobiscum
1479 918 1831 962 concertaturos,

89 999 125 1026 10
138 990 190 1028 ut
226 985 376 1042 capilli
411 986 550 1028 etiam
586 986 715 1028 nobis
752 1001 807 1029 ex
842 986 982 1028 nimio
1018 990 1145 1028 metu
1181 986 1439 1042 erigantur:
1479 990 1524 1027 et
1557 985 1835 1040 putabamus

138 1070 214 1099 eos
259 1057 443 1099 omnino
489 1061 718 1099 venturos.
768 1058 857 1100 Sed
902 1071 1006 1099 cum
1053 1057 1146 1099 dies
1192 1056 1514 1113 disputationis
1560 1055 1832 1103 advenisset,

138 1132 378 1184 tamquam
409 1128 562 1170 fumus
602 1143 758 1170 omnes
791 1128 1136 1184 disparuerunt;
1181 1141 1375 1183 cumque
1416 1127 1592 1168 nullum
1632 1126 1834 1168 invenire

138 1199 456 1254 potuissemus,
489 1199 636 1241 coacti
666 1213 823 1241 sumus
852 1213 934 1241 nos
964 1199 1049 1254 ipsi
1072 1203 1232 1241 contra
1261 1213 1343 1241 nos
1374 1202 1536 1240 mutuo
1566 1196 1832 1252 disceptare.

140 1269 441 1312 Nihilominus
478 1269 682 1312 homines
722 1270 1010 1325 impudentes
1048 1269 1146 1312 ausi
1184 1274 1290 1312 sunt
1328 1268 1375 1310 in
1412 1268 1574 1323 vulgus
1612 1281 1833 1322 spargere,

91 1353 126 1380 15
139 1355 220 1383 nos
242 1355 333 1383 non
356 1340 492 1383 fuisse
515 1355 647 1383 ausos
670 1355 774 1383 cum
796 1340 903 1396 ipsis
926 1340 973 1382 in
996 1345 1225 1383 certamen
1248 1339 1528 1382 descendere.
1562 1338 1650 1394 Qui
1673 1352 1728 1380 ex
1751 1337 1836 1380 illis

139 1411 185 1453 in
227 1411 490 1454 civitatibus
531 1416 576 1454 et
617 1411 796 1467 oppidis
836 1411 1062 1461 habitant,
1103 1411 1150 1452 in
1180 1411 1321 1453 literis
1361 1409 1705 1452 humanioribus
1745 1423 1837 1451 non

140 1482 256 1525 male
279 1487 385 1524 sunt
407 1481 588 1525 versati.
614 1484 676 1524 At
699 1481 864 1538 pagani
887 1481 1081 1524 ministri
1103 1482 1369 1538 plerumque
1392 1485 1499 1523 sunt
1522 1479 1833 1522 indoctissimi.

148 1552 344 1609 Quidam
371 1567 427 1595 ex
453 1552 539 1594 illis
566 1552 613 1595 vi
640 1553 895 1609 argumenti
923 1567 951 1595 a
978 1553 1179 1609 quodam
1207 1557 1337 1609 patre
1364 1556 1520 1595 nostro
1548 1550 1833 1600 constrictus,

139 1624 284 1666 fassus
312 1628 379 1666 est
407 1623 611 1679 ingenue,
636 1638 682 1666 se
705 1638 850 1666 errare
878 1628 923 1666 et
952 1628 1167 1679 paratum
1195 1623 1412 1673 converti,
1444 1622 1480 1665 si
1509 1622 1645 1665 modo
1675 1621 1837 1677 aliquis

89 1695 251 1737 medius
285 1694 408 1750 prius
443 1709 499 1737 ex
532 1694 751 1737 ministris
785 1698 1154 1746 converteretur;
1193 1695 1272 1737 sed
1307 1709 1352 1737 se
1387 1708 1469 1736 nec
1504 1693 1717 1750 primum,
1754 1707 1836 1735 nec

138 1770 417 1822 postremum
450 1766 563 1808 velle
597 1780 703 1808 esse.
739 1766 866 1809 Alius
899 1765 1077 1822 publice
1111 1766 1240 1815 dixit,
1275 1779 1438 1821 negare
1471 1779 1563 1808 non
1596 1778 1837 1820 possumus

137 1851 219 1879 nos
257 1836 464 1879 doctrina
502 1837 722 1891 Jesuvitis
760 1837 956 1893 impares
995 1852 1102 1886 esse,
1146 1837 1334 1893 proinde
1373 1836 1627 1879 cedendum
1665 1834 1751 1877 illis
1791 1839 1836 1876 et

138 1908 225 1951 alio
255 1908 555 1964 migrandum.
580 1908 707 1950 Alius
738 1908 867 1959 dixit,
902 1922 949 1950 se
971 1908 1104 1951 malle
1135 1908 1337 1951 officium
1368 1907 1564 1950 ministri
1596 1907 1832 1962 deponere,

138 1993 277 2035 quam
303 1979 540 2021 nobiscum
568 1979 780 2021 disserere
808 1984 853 2021 et
881 1979 1111 2022 confundi.
1143 1980 1263 2022 Item
1291 1979 1405 2022 alius
1433 1978 1563 2028 dixit,
1593 1992 1639 2020 se
1667 1976 1836 2019 stivam

90 2054 183 2092 25et
213 2055 416 2093 aratrum
444 2050 536 2092 iam
566 2054 727 2106 parata
754 2050 921 2092 habere
950 2064 1031 2106 pro
1061 2050 1349 2106 agricultura,
1381 2049 1418 2092 si
1446 2050 1506 2092 ab
1534 2048 1684 2092 officio
1713 2062 1836 2090 amo-

138 2126 312 2164 veatur.
357 2121 557 2164 Veniunt
600 2135 692 2163 non
734 2135 834 2163 raro
878 2126 923 2163 et
967 2121 1404 2177 superintendentes,
1451 2126 1496 2162 et
1540 2118 1734 2162 ministri
1777 2118 1836 2160 ad

138 2192 412 2248 Ungaricam
446 2192 720 2241 concionem,
757 2191 950 2234 audiunt
985 2197 1176 2241 attente,
1213 2192 1292 2234 sed
1326 2190 1685 2247 disputationem
1718 2188 1835 2231 refu-

138 2263 280 2318 giunt.
304 2263 655 2306 Calvim'starum
674 2262 1048 2318 superintendens
1064 2266 1100 2291 1⁹
1120 2277 1199 2318 per
1214 2263 1438 2305 famulum
1453 2266 1560 2304 ante
1576 2259 1837 2303 concionem

139 2334 434 2377 nunciaverat
466 2339 621 2376 nostro
653 2334 959 2376 concionatori
991 2348 1037 2376 se
1070 2334 1182 2376 velle
1214 2348 1318 2376 cum
1349 2347 1401 2375 eo
1433 2346 1580 2387 pauca
1612 2330 1837 2387 quaedam

91 2415 127 2442 3⁰
140 2406 279 2448 verba
323 2406 536 2448 conferre.
585 2406 872 2460 Responsum
907 2405 947 2446 ei
990 2409 1071 2453 est,
1117 2404 1248 2446 licere
1291 2403 1511 2459 quamdiu
1554 2402 1690 2444 vellet
1733 2406 1837 2457 post

141 2476 429 2519 concionem:
482 2476 704 2531 ingressus
754 2480 822 2517 est
872 2475 1109 2530 templum,
1163 2474 1340 2517 audivit
1377 2478 1526 2516 totam
1576 2472 1837 2515 concionem

140 2561 282 2603 usque
313 2547 373 2590 ad
403 2548 540 2589 finem
561 2546 710 2602 capite
732 2550 918 2602 aperto:
954 2560 1046 2601 qua
1076 2545 1220 2595 finita,
1255 2544 1449 2587 demisso
1481 2543 1643 2600 capite,
1669 2543 1838 2599 pallido

141 2619 286 2667 vultu,
318 2622 502 2674 repente
531 2632 577 2660 se
606 2617 839 2659 subduxit.
872 2617 986 2659 Cum
1014 2616 1153 2671 igitur
1181 2616 1333 2672 palam
1362 2615 1599 2658 nobiscum
1628 2613 1839 2670 congredi

141 2703 232 2731 non
255 2689 467 2739 audeant,
487 2703 568 2731 nec
592 2688 738 2731 vitam
761 2692 841 2730 aut
866 2701 1012 2729 mores
1035 2686 1358 2742 reprehendere
1381 2686 1574 2742 possint:
1602 2685 1838 2728 fraudibus

94 2769 130 2797 35
144 2764 188 2801 et
211 2760 456 2802 mendaciis
478 2759 688 2802 seductas
711 2773 738 2801 a
752 2773 797 2800 se
814 2758 998 2800 miseras
1021 2758 1196 2800 animas
1218 2758 1265 2799 in
1288 2757 1379 2800 suis
1401 2757 1625 2799 erroribus
1647 2756 1838 2798 retinere

144 2836 376 2873 conantur.
399 2831 672 2873 Excitarunt
691 2830 760 2872 bis
779 2835 906 2872 terve
925 2828 1129 2871 sinistras
1149 2828 1204 2870 de
1222 2828 1352 2871 nobis
1371 2828 1604 2884 opiniones
1624 2832 1669 2870 et
1688 2841 1837 2869 rumo-

143 2914 224 2950 res,
280 2902 358 2944 sed
414 2901 710 2944 Illustrissimi
760 2900 974 2957 principis
1027 2899 1307 2942 authoritate
1357 2899 1482 2942 facta
1531 2903 1599 2941 est
1652 2897 1839 2953 diligens

144 2970 388 3026 inquisitio,
427 2973 547 3015 unde
584 2978 630 3014 et
668 2987 695 3015 a
731 2972 896 3027 quibus
926 2970 1034 3013 mali
1068 2984 1269 3012 rumores
1301 2975 1454 3013 ortum
1489 2969 1754 3012 habuissent
1793 2972 1836 3010 et

146 3042 379 3085 obstructa
423 3048 530 3085 sunt
575 3057 654 3086 ora
698 3041 984 3098 loquentium
1029 3041 1197 3097 iniqua.

98 3121 134 3149 40
261 3113 392 3155 Nunc
430 3128 533 3170 ergo
572 3114 682 3156 satis
721 3113 873 3170 quiete
911 3117 956 3155 et
997 3112 1181 3167 pacifice
1220 3111 1429 3161 vivimus,
1471 3125 1552 3153 nec
1592 3110 1654 3151 1111
1692 3108 1835 3157 nobis,

276 3212 307 3234 ¹⁹
333 3215 695 3260 Marosvasarhelyi
721 3214 839 3249 Gocsi
866 3214 976 3248 Mate
1003 3214 1072 3248 ref.
1102 3214 1271 3259 piispok.
