2188 3535
386 182 459 217 288
1154 171 1226 204 No.
1257 181 1304 215 93
1779 169 1896 213 [1583
1929 178 2018 212 aug.
2057 179 2071 204 1

389 297 586 354 principe
619 309 698 337 suo
731 293 883 347 nipote
917 303 995 344 per
1027 292 1264 330 contenere
1297 290 1419 327 sotto
1453 289 1652 340 pretesto
1686 285 1732 327 di
1765 285 1872 328 altri
1904 285 2074 341 negotii

388 368 492 424 quei
529 362 811 422 governatori
848 358 1031 401 heretici
1070 357 1115 398 di
1153 355 1466 398 Transilvania
1503 355 1549 398 in
1586 355 1752 404 uffieio,
1811 356 1855 398 al
1893 357 1975 398 che
2012 356 2076 398 mi

389 439 498 480 dara
533 434 668 477 mezzi
703 428 999 477 convenienti,
1038 432 1210 483 quanto
1245 426 1292 467 in
1326 426 1606 482 Claudiopoli
1640 440 1719 481 per
1752 426 1796 469 la
1830 426 1967 470 visita
2001 426 2074 469 del

388 520 537 549 nuovo
558 501 793 546 seminario
809 504 854 541 et
870 513 949 554 per
968 497 1220 540 l'erettione
1236 496 1353 539 della
1368 501 1550 552 stampa
1571 496 1784 539 cattolica
1805 511 1884 553 per
1905 497 2074 540 andare

387 572 711 618 introducendo
744 570 893 626 quella
925 567 1208 624 separatione
1230 567 1300 609 de’
1315 567 1420 609 beni
1452 567 1740 610 ecclesiastici
1772 568 1839 610 ch’
1860 568 1945 624 egli
1977 582 2074 624 pre-
2108 584 2125 611 5

388 645 520 688 tende
543 657 621 698 per
643 641 867 683 insinuare
882 653 944 681 un
968 642 1225 681 vescovato.
1252 639 1312 680 Et
1337 652 1476 693 pensa
1498 638 1573 694 poi
1596 639 1677 680 che
1700 640 1802 680 sara
1824 638 2071 694 giovevole,

388 717 467 758 che
498 712 721 769 passando
753 724 832 766 per
862 709 1090 752 Varadino
1122 723 1194 751 me
1225 723 1281 751 ne
1312 708 1471 751 ritorni
1502 708 1548 750 in
1579 713 1741 765 questo
1774 723 1926 765 regno,
1961 710 2078 752 dove

384 785 469 841 egli
505 784 601 826 fara
637 782 752 824 forse
787 780 892 823 altri
927 779 1031 822 beni
1066 779 1162 821 coll'
1185 779 1311 822 aiuto
1347 779 1514 822 divino.

513 854 574 896 Mi
599 852 869 895 commando
893 865 1006 893 anco
1031 851 1098 892 ch'
1124 850 1166 893 io
1192 849 1443 906 procurassi
1459 851 1541 892 che
1557 850 1593 892 si
1609 850 1867 894 traducesse
1892 851 1923 892 il
1947 852 2077 894 Cate-

385 926 554 969 chismo
586 926 792 967 Romano
823 922 870 964 in
898 921 1051 977 lingua
1077 920 1315 977 Ungarica,
1340 920 1581 964 lodandolo
1603 922 1926 977 grandemente
1949 936 2128 965 comem

391 996 506 1053 quel,
531 995 646 1038 dove
667 1008 775 1036 sono
797 993 811 1034 i
831 992 1038 1048 principii
1058 992 1175 1034 della
1195 996 1351 1034 nostra
1370 991 1470 1033 fede
1501 992 1833 1035 mirabilmente
1855 997 1900 1035 et
1922 1007 2079 1050 grave-

384 1072 534 1110 mente
565 1064 812 1113 dichiarati,
845 1069 890 1105 et
920 1067 1017 1105 tarn
1047 1066 1345 1105 consentanee
1378 1062 1473 1118 (per
1501 1077 1605 1105 usar
1635 1063 1752 1106 della
1781 1077 1863 1106 sua
1900 1063 2072 1120 parola)

387 1138 475 1180 alla
509 1136 687 1192 ragione
722 1140 766 1177 et
802 1134 976 1190 dignita
1010 1133 1126 1176 della
1160 1133 1370 1189 religione
1409 1133 1666 1176 christiana.

514 1208 575 1250 Mi
605 1206 783 1249 stimolo
813 1220 840 1247 a
869 1204 1144 1261 procurargli
1174 1204 1335 1260 quanti
1367 1205 1605 1247 Sommarii
1636 1205 1690 1247 de
1735 1205 1870 1248 Padri
1904 1205 2077 1248 antichi

385 1280 422 1322 si
459 1278 785 1321 troverebbono
822 1276 894 1318 nel
930 1276 1066 1318 modo
1095 1275 1212 1317 della
1241 1275 1518 1318 confessione
1554 1276 1901 1331 Augustiniana,
1941 1277 2009 1318 ch'
2034 1276 2076 1319 io
2095 1292 2128 1319 15

385 1350 445 1406 gli
470 1351 645 1391 havevo
670 1348 791 1396 dato,
820 1347 863 1389 al
887 1348 968 1388 che
993 1346 1066 1402 gia
1090 1346 1127 1388 si
1151 1346 1350 1389 attende.

515 1420 576 1462 Mi
612 1420 735 1475 parlo
773 1418 819 1460 in
856 1417 1048 1460 materia
1085 1417 1156 1459 del
1194 1417 1462 1460 Santissimo
1501 1417 1799 1460 Sacramento
1838 1418 1933 1461 coll’
1956 1432 2082 1461 occa-

390 1491 511 1533 sione
540 1491 584 1532 di
611 1490 771 1532 alcuna
798 1494 994 1537 contesa,
1024 1488 1068 1530 la
1095 1488 1228 1544 quale
1255 1489 1436 1530 haveva
1463 1489 1638 1531 havuto
1667 1503 1753 1531 con
1781 1489 1931 1531 alcuni
1958 1490 2082 1532 here-

391 1562 480 1610 tici,
506 1576 588 1603 con
611 1566 740 1603 tanto
764 1560 982 1616 profonde
1004 1559 1189 1615 ragioni‚
1215 1560 1296 1601 che
1318 1563 1582 1602 veramente
1605 1559 1647 1602 io
1670 1559 1810 1602 restai
1832 1574 1918 1603 con
1940 1561 2083 1603 molta

388 1632 700 1675 ammiratione
738 1636 782 1673 et
822 1630 1118 1673 edificatione.
1161 1631 1222 1672 Et
1260 1631 1319 1672 ho
1359 1644 1439 1685 per
1476 1644 1581 1673 cosa
1619 1630 1750 1686 quasi
1789 1630 2079 1687 impossibile,
2097 1647 2133 1674 20

391 1704 458 1745 ch’
488 1703 570 1759 egli
606 1717 660 1744 ne
697 1702 951 1758 ragionasse
977 1701 1024 1743 in
1050 1700 1154 1757 quel
1190 1701 1339 1749 modo,
1380 1715 1426 1743 se
1463 1715 1554 1743 non
1590 1702 1779 1744 havesse
1816 1701 2082 1758 particolare

391 1779 521 1829 gusto
557 1779 600 1816 et
635 1773 928 1829 inspiratione
963 1773 1023 1815 da
1057 1772 1144 1814 Dio
1181 1771 1339 1827 Signor
1376 1773 1555 1814 Nostro.

518 1845 575 1887 Di
606 1844 833 1893 Cracovia‚
870 1844 922 1886 16
955 1843 1001 1886 di
1032 1842 1189 1898 Luglio
1224 1843 1347 1897 1583.

391 1934 580 1976 ssiredeti,
608 1934 734 1968 romai
759 1932 943 1968 vatikani
969 1933 1240 1967 »Nunziatura
1265 1932 1305 1966 di
1330 1932 1566 1966 Germania«
1592 1943 1653 1977 94.
1684 1933 1768 1968 kot.
1799 1934 2010 1968 221—226.
2041 1934 2084 1977 l.)

518 2009 569 2046 M
571 2008 782 2059 egjegyzis.
807 2007 1035 2047 Possevino
1056 2020 1078 2046 e
1098 2006 1292 2046 masodik
1313 2006 1470 2058 erdelyi
1490 2006 1596 2057 utja,
1620 2006 1778 2046 sokfele
1797 2006 2134 2059 elfoglaltsagaae

392 2067 528 2113 miatt,
563 2067 781 2113 elmaradt‚
817 2067 869 2106 de
902 2070 1020 2106 terve
1054 2067 1279 2105 erdekesen
1313 2065 1513 2116 mutatja‚
1549 2066 1653 2117 mily
1686 2079 1882 2105 nemesen
1915 2067 2086 2118 gondol-

393 2128 537 2165 kozott
566 2127 756 2178 Bathory
785 2126 934 2165 Istvan
962 2124 1209 2170 mindenrol,
1241 2138 1265 2164 a
1293 2124 1420 2164 mivel
1449 2138 1474 2164 a
1501 2125 1683 2164 vallasos
1710 2125 1820 2165 hitet
1848 2126 2088 2177 terjeszteni

393 2187 542 2224 akarta
560 2185 799 2236 Erdelyben
819 2198 839 2224 s
858 2184 1051 2236 egyuttal
1070 2184 1174 2235 mily
1192 2184 1353 2234 jaratos
1373 2183 1463 2223 volt
1484 2197 1509 2223 a
1529 2184 1591 2223 hit
1612 2184 1850 2236 dolgaiban,
1873 2198 1898 2224 a
1917 2185 1975 2224 mi
1994 2186 2088 2237 meg

393 2258 417 2282 a
449 2244 588 2283 tanult
621 2244 869 2284 Possevinot
900 2244 935 2283 is
966 2243 1186 2295 meglepte.

1199 2361 1269 2405 93.
2100 2373 2135 2400 30

926 2460 1079 2509 R6ma,
1113 2460 1228 2513 1583
1258 2464 1493 2514 augusztus
1525 2472 1564 2501 1.

475 2562 519 2600 Ρ.
550 2562 774 2614 Aquaviva
800 2564 974 2604 Claudio
1001 2564 1404 2616 jezsuita-generalis
1432 2564 1557 2603 XIII.
1589 2564 1767 2616 Gergely
1794 2564 2003 2616 papanak.

527 2655 762 2706 Kdnydrgbs
796 2657 1015 2708 alakjciban
1049 2657 1146 2703 kari,
1183 2657 1347 2708 engedje
1380 2670 1479 2708 meg,
1516 2657 1619 2709 hogy
1653 2670 1677 2696 a
1710 2657 1830 2696 Szent
1861 2656 2087 2696 Istvcinnak

398 2712 555 2751 stet-ztelt
576 2714 766 2765 (va'rbelz‘)
789 2716 977 2766 templom
1000 2729 1019 2754 s
1043 2729 1116 2767 egy
1141 2716 1234 2761 kert,
1261 2716 1413 2766 melyek
1437 2716 1583 2766 egykor
1607 2729 1630 2754 a
1654 2715 1863 2766 pre'dika‘lo'
1886 2714 2088 2754 bara'tokei

399 2770 539 2815 voltczk,
574 2784 597 2809 α
626 2772 814 2822 fejeirvciri
843 2774 1039 2824 jezsuitcik
1069 2774 1324 2825 j6sza‘gaihoz
1354 2774 1607 2813 csatoltassek
1638 2787 1656 2813 s
1688 2787 1712 2812 a
1743 2773 1912 2824 majdan
1940 2773 2134 2823 feldlli-az

397 2828 519 2867 tando
554 2828 768 2881 kollbginm
802 2832 1015 2872 elldta'sa'ra
1050 2832 1339 2884 szolgdljanak.

528 2910 771 2961 Suppressio
802 2913 952 2954 domus
982 2914 1183 2966 regularis
1213 2927 1262 2953 ac
1292 2914 1610 2954 dismembratio
1640 2914 1764 2960 horti,
1798 2926 1960 2953 necnon
1991 2927 2086 2953 con—

399 2969 528 3007 cessio
556 2974 598 3008 et
627 2970 853 3021 applicatio
880 2973 1047 3012 illorum
1075 2973 1278 3013 Societati
1305 2973 1407 3023 Jesu
1435 2973 1567 3012 Albae
1595 2973 1744 3023 Juliae.

534 3043 799 3087 Beatissime
822 3047 969 3088 Pater.
996 3048 1247 3103 Postquam
1270 3046 1589 3089 devotissimus
1612 3046 1880 3089 Sanctitatis
1901 3047 2090 3090 Vestrae

404 3116 449 3152 et
481 3113 672 3155 Sanctae
705 3115 829 3158 Sedis
864 3118 1137 3171 apostolicae
1171 3117 1302 3166 filius,
1340 3116 1597 3173 Stephanus
1630 3117 2008 3174 Transsylvaniae
2044 3122 2089 3160 et
2101 3135 2136 3162 40
