2188 3535
140 215 230 259 1581
270 210 365 256 maj.
400 212 468 255 28]
910 211 984 246 No.
1022 222 1071 259 50
1767 220 1834 258 133

136 330 192 369 id.
217 341 272 367 m.
299 329 356 368 II.
382 329 422 367 k.
449 327 675 381 269—272.
699 328 727 367 1.
753 329 898 368 Ma‘rkz'
922 330 1084 369 Sandor
1110 328 1317 381 1896·ban
1342 329 1378 369 A
1402 328 1637 369 kolozsvari
1660 341 1836 380 magyar

136 389 286 440 kiralyi
329 389 508 427 Ferencz
551 387 694 439 Jozsef
736 388 1168 441 tudomanyegyetem
1210 390 1420 429 tortenete
1464 389 1506 427 es
1547 388 1835 438 statisztikaja

136 447 254 498 4-6,
284 447 310 486 1.
342 444 508 497 Ενιίἑίγὶ
547 446 737 498 Karoly:
769 447 805 486 A
844 448 997 501 kegyes
1026 448 1340 489 tanitorendiek
1377 448 1568 488 vezetese
1606 447 1715 487 alatt
1754 447 1836 486 allo

135 507 370 546 kolozsvari
394 506 528 545 romai
563 506 683 545 kath.
710 507 1012 558 fogimnazium
1040 508 1329 561 1897—98-iki
1353 501 1581 559 Ertesit6je
1610 518 1781 558 11—14.
1808 506 1835 544 l.

88 569 105 596 5
133 564 178 603 es
212 566 351 606 Veress
379 565 520 605 Endre
548 578 596 604 az
626 565 819 618 »Erdelyi
849 567 1067 607 Muzeum«
1088 567 1204 620 1906.
1234 567 1316 607 ἐνί.
1348 568 1437 608 180.
1465 567 1493 607 1.

953 749 1024 793 50.

602 860 942 916 Gyulajejcirvcir,
977 861 1091 913 1581
1123 860 1268 916 majus
1298 861 1368 903 28.

454 979 499 1018 P.
531 979 687 1018 Leleszi
718 980 849 1031 Janos
881 979 1073 1031 Bathory
1104 979 1252 1018 Istvan
1282 978 1518 1031 kiralynak.

263 1087 441 1138 Ba‘thory
477 1087 640 1137 Kristo'f
672 1087 877 1138 jejedelem
914 1087 1040 1126 utols6
1076 1086 1225 1139 napjai
1260 1088 1300 1126 ἐς
1336 1087 1484 1125 hala'la.
1522 1086 1834 1137 Hagyakoza'sa.

89 1156 123 1183 10
134 1146 214 1186 Fia
244 1147 492 1186 nevele'saeinek
518 1147 675 1186 tovcibbz'
701 1160 826 1186 sorsat.
856 1147 890 1185 A
920 1146 1110 1198 fejfirvdri
1135 1146 1332 1197 jezsnita'k
1359 1146 1538 1196 helyzete.

252 1250 397 1303 Jesus.
433 1249 722 1292 Serenissime
756 1251 868 1292 Rex,

252 1320 436 1362 Minime
458 1320 623 1362 mirum
649 1320 690 1362 S.
718 1322 773 1362 R.
813 1314 883 1362 Mti
906 1319 1049 1363 videri
1074 1320 1222 1369 debet,
1249 1318 1285 1361 si
1309 1332 1390 1374 ego
1414 1317 1552 1360 etiam
1576 1332 1631 1359 ex
1654 1317 1837 1359 nomine

136 1391 318 1446 ignotus
354 1389 491 1434 Sertenu
524 1392 670 1433 Tuam
721 1390 863 1432 literis
897 1390 1174 1446 compellem.
1226 1389 1346 1432 Novi
1393 1388 1513 1431 enim
1561 1382 1677 1430 Sertis
1711 1388 1835 1429 Tuae

137 1462 340 1504 animum
378 1465 482 1517 erga
527 1461 714 1503 fratrem
758 1475 891 1503 suum
936 1460 1250 1504 charissimum
1283 1460 1418 1502 Ulmum
1462 1459 1836 1514 Christophorum

90 1537 181 1577 15et
221 1532 494 1574 Societatem
532 1536 735 1574 nostram
774 1531 1058 1575 benevolum.

254 1604 321 1646 De
356 1603 444 1658 pio,
495 1601 611 1645 felici
659 1617 711 1645 ac
747 1607 905 1645 sancto
954 1602 1107 1645 fratris
1144 1596 1260 1645 SerfflS
1294 1603 1418 1644 Tuae
1454 1616 1509 1644 ex
1544 1602 1629 1643 hoc
1664 1600 1836 1643 mundo

138 1673 277 1723 exitu,
296 1673 406 1730 quid
421 1673 629 1723 scribam,
647 1673 810 1716 nescio.
831 1673 1060 1730 Quicquid
1082 1672 1201 1716 enim
1225 1673 1379 1715 dixero
1402 1672 1552 1715 minus
1575 1672 1672 1722 erit,
1698 1685 1837 1727 quam

138 1744 262 1800 quod
287 1744 382 1801 ipse
409 1744 549 1787 oculis
576 1744 790 1800 conspexi
818 1749 863 1786 et
891 1744 1018 1787 cuius
1045 1759 1149 1800 pars
1177 1758 1356 1800 magna,
1385 1743 1489 1786 licet
1517 1742 1728 1799 indignus
1756 1741 1833 1784 fui.

138 1815 287 1858 Pridie
314 1815 520 1871 Corporis
548 1815 712 1858 Christi
739 1820 956 1858 evocatus
982 1815 1213 1858 infirmum
1240 1815 1454 1863 adieram,
1484 1828 1587 1856 cum
1614 1827 1715 1856 ecce
1742 1827 1835 1855 arc·
1849 1831 1917 1862 maj.
1944 1839 1987 1863 24.

89 1903 124 1930 20
138 1886 309 1929 tissime
326 1900 398 1928 me
416 1886 678 1942 complexus
696 1887 1030 1937 obtestabatur,
1050 1900 1106 1929 ne
1125 1901 1228 1929 eum
1247 1886 1509 1935 desererem,
1530 1884 1608 1927 sed
1625 1882 1836 1926 morienti

139 1956 277 2000 etiam
318 1957 534 2000 adessem.
579 1958 827 2013 Nunquam
869 1971 950 2013 ego
990 1957 1221 2000 hominem
1262 1956 1357 1999 vidi
1398 1956 1646 1998 avidiorem
1687 1969 1836 1998 rerum

138 2027 441 2083 spiritualium
464 2042 515 2070 ac
537 2028 715 2084 piorum
738 2028 1077 2084 colloquiorum.
1104 2030 1175 2070 Ex
1197 2028 1271 2070 illo
1295 2027 1415 2070 enim
1437 2032 1654 2082 tempore,
1679 2030 1836 2068 noctes

138 2103 277 2155 atque
314 2098 421 2148 dies,
461 2099 591 2141 lateri
628 2099 722 2141 eius
759 2099 938 2149 affixus,
978 2099 1182 2142 animum
1219 2099 1358 2142 verbo
1396 2098 1480 2141 Dei
1517 2096 1834 2144 insatiabilem,

138 2169 463 2226 scripturarum
516 2170 722 2220 lectione,
779 2170 1331 2226 commentationibusque
1385 2168 1521 2211 sacris
1574 2172 1836 2209 exsaturare

90 2254 229 2284 25non
260 2240 402 2296 potui.
439 2240 529 2283 Ubi
562 2241 798 2296 paululum
831 2241 1003 2296 aliquid
1036 2241 1090 2283 de
1122 2254 1326 2283 sermone
1358 2238 1693 2286 intermisimus,
1728 2250 1836 2279 mox

137 2311 197 2353 ad
211 2311 463 2354 orationem
475 2311 680 2354 conversi
693 2325 861 2354 sumus.
880 2312 1083 2354 Psalmos
1096 2311 1318 2367 quosdam
1334 2310 1521 2352 selectos
1537 2323 1588 2351 ac
1603 2312 1837 2364 praeterea

137 2382 363 2425 orationes
405 2382 629 2438 quasdam
671 2382 1026 2437 elegantissimas
1076 2381 1257 2438 proprio
1306 2385 1451 2423 marte
1502 2378 1632 2428 dixit,
1683 2377 1835 2420 animo

137 2452 203 2495 ita
232 2453 442 2503 contrito,
474 2458 526 2495 ut
556 2453 651 2508 ipse
681 2452 925 2508 lachrymis
955 2452 1032 2495 vix
1062 2457 1314 2508 temperare
1343 2449 1582 2506 potuerim.
1615 2448 1835 2491 Molestis-

138 2523 248 2566 sime
272 2524 393 2574 tulit,
421 2524 458 2566 si
483 2523 745 2566 interventu
772 2523 1027 2579 aliquorum
1049 2527 1206 2565 nostra
1227 2521 1450 2577 colloquia
1471 2520 1659 2562 turbata
1680 2518 1834 2569 sensit,

87 2610 122 2637 30
137 2608 189 2636 ac
217 2594 376 2637 statim
403 2594 497 2650 ipse
526 2594 646 2636 unde
675 2593 859 2650 digressi
888 2593 1130 2643 fueramus,
1154 2607 1406 2635 sermonem
1434 2590 1679 2634 revocavit.
1709 2590 1835 2631 Nun-

138 2678 276 2721 quam
302 2679 358 2708 ex
389 2665 484 2708 eius
518 2679 594 2707 ore
629 2664 898 2714 convicium,
935 2678 1171 2720 nunquam
1206 2662 1520 2719 impatientiae
1555 2661 1733 2717 signum
1765 2660 1836 2703 vel

137 2735 415 2779 levissimum
435 2736 645 2779 auditum
665 2740 746 2778 est.
770 2736 915 2777 Nocte
934 2735 1097 2784 media,
1119 2748 1237 2790 quae
1256 2734 1425 2776 festum
1445 2732 1651 2789 Corporis
1672 2730 1836 2774 Christi
1849 2747 1917 2779 Maj.
1938 2756 1981 2780 25.

137 2805 342 2849 insecuta
363 2811 443 2858 est,
469 2806 645 2849 turbari
667 2806 784 2848 ratio
806 2805 968 2861 coepit.
987 2805 1072 2848 Die
1086 2805 1272 2848 Veneris
1298 2818 1534 2860 nunquam
1561 2804 1652 2846 fere
1679 2802 1750 2846 vel
1778 2802 1837 2844 ad
1849 2818 1917 2850 maj.
1943 2820 1988 2845 2⁶.

139 2877 351 2933 exiguum
374 2882 569 2933 tempus,
595 2891 648 2919 ea
671 2877 730 2919 ad
751 2877 933 2919 libitum
956 2876 1025 2918 uti
1048 2875 1213 2932 potuit,
1239 2890 1342 2918 cum
1365 2880 1521 2918 tamen
1544 2873 1680 2916 sacris
1703 2873 1836 2915 collo-

91 2962 127 2989 35
141 2947 270 3002 quiis,
309 2948 589 2990 orationibus
627 2962 679 2990 ac
716 2947 801 3004 piis
838 2946 1212 2989 meditationibus
1249 2960 1295 2988 se
1332 2959 1536 2989 exercere
1572 2943 1753 2986 interim
1791 2947 1836 2984 et

142 3018 368 3072 optaverit
398 3023 443 3061 et
477 3033 714 3074 nunquam
742 3018 1046 3060 intermiserit.
1095 3018 1198 3059 Nox
1228 3016 1547 3073 superveniens
1577 3015 1693 3058 vires
1723 3013 1836 3055 adeo

142 3101 296 3130 omnes
322 3088 384 3130 illi
411 3094 456 3131 et
484 3103 665 3132 sensum
706 3089 890 3138 ademit,
919 3093 971 3130 ut
999 3088 1145 3130 lucem
1185 3087 1382 3144 polliceri
1421 3101 1513 3129 non
1553 3085 1833 3128 auderemus.

143 3158 328 3214 Saepius
364 3159 490 3202 illum
529 3159 739 3209 excitavi,
779 3159 1021 3202 oravimus.
1062 3160 1169 3201 Mox
1205 3172 1358 3200 rursus
1396 3157 1557 3200 cedens
1594 3155 1753 3198 morbo
1791 3157 1837 3196 et
