2188 3535
108 174 202 216 1582
233 169 332 203 febr.
365 167 480 212 eleje]
867 167 944 201 No.
973 179 1019 212 72
1723 171 1800 203 219

105 302 329 336 vasorum,
353 285 431 342 qui
452 286 672 328 hactenus
701 285 803 337 fuit,
828 285 907 328 sed
928 284 1067 328 etiam
1096 279 1321 326 habeatur
1349 281 1465 325 ratio
1496 279 1796 337 paupertatis,

104 365 155 402 ut
181 373 285 401 cum
308 357 355 399 in
380 371 495 412 pago
521 356 674 407 scitur,
692 357 861 399 multos
883 371 976 398 esse
998 369 1230 412 pauperes,
1262 353 1341 410 qui
1365 367 1457 395 non
1481 350 1711 395 sufficiant
1738 350 1797 393 ad

105 428 386 473 educillanda
417 427 505 470 tria
536 442 659 477 vasa,
694 427 860 469 dentur
890 427 1115 483 pauciora.
1152 426 1341 468 Curetur
1373 423 1571 471 omnino,
1605 427 1657 464 ut
1691 421 1797 464 alibi

105 500 244 543 etiam
299 499 471 541 dictum
528 504 609 547 est,
668 512 723 540 ne
765 512 876 540 vasa
919 497 1203 540 educillanda
1239 495 1611 551 multiplicentur,
1653 498 1697 535 et
1744 506 1799 534 ne

54 584 76 611 5
106 570 273 613 iudices
310 584 387 612 seu
425 574 657 612 exactores
694 572 884 624 urgeant
917 582 1149 624 pauperes,
1195 567 1275 610 sed
1315 565 1488 622 aliquid
1536 563 1800 607 remittatur

103 642 160 685 de
189 640 333 697 pretio
376 640 447 682 vel
490 640 652 682 saltem
695 644 937 695 expectent
972 639 1072 695 plus
1116 637 1333 694 temporis
1368 635 1653 679 solutionem.
1698 635 1799 690 Qua

105 713 160 756 de
193 726 240 754 re
275 711 442 767 poterit
477 711 595 753 inter
631 711 868 766 collegium
900 716 945 752 et
978 714 1210 752 exactores
1233 707 1476 757 conveniri,
1513 711 1564 748 ut
1601 705 1667 749 ita
1700 706 1796 754 fiat,

105 782 282 826 etiarnsi
305 782 504 838 aliquam
527 782 751 824 iacturam
773 781 1010 837 collegium
1029 780 1180 829 faciat,
1200 784 1382 835 tempus
1398 778 1558 820 deinde
1574 776 1798 825 ostendet,

105 854 216 910 quid
249 853 444 909 amplius
478 853 573 895 fieri
604 853 783 909 possit.²

57 939 93 967 ιο
236 937 302 979 17.
318 925 438 966 Loca
450 924 710 967 communia
723 924 782 967 ad
794 923 1011 966 maiorem
1023 923 1311 965 honestatem
1325 920 1596 963 claudantur
1609 919 1663 961 de
1677 918 1797 960 foris.

240 996 306 1037 18.
341 996 474 1051 Aqua
497 995 544 1036 in
569 1009 725 1037 mensa
749 994 933 1037 omnino
958 998 1156 1050 ponatur
1181 993 1240 1035 ad
1264 991 1545 1034 miscendum
1570 989 1730 1031 vinum
1755 993 1800 1031 et

107 1081 211 1109 cum
242 1066 404 1109 fortius
435 1066 580 1108 multo
612 1065 748 1108 fuerit
780 1065 952 1121 aliquid
993 1064 1132 1107 etiam
1164 1077 1308 1119 aquae
1339 1062 1462 1117 prius
1493 1060 1803 1103 immisceatur

108 1142 153 1180 et
180 1151 261 1193 pro
288 1137 510 1179 servanda
537 1136 761 1179 modestia
787 1136 992 1192 religiosa
1018 1140 1063 1177 et
1090 1134 1243 1190 regula
1269 1131 1565 1175 credentiarii.

241 1221 307 1263 19.
342 1208 513 1250 Diebus
543 1207 830 1250 recreationis
867 1207 1006 1249 etiam
1040 1205 1200 1254 hieme,
1234 1204 1319 1246 nisi
1350 1203 1497 1246 multa
1531 1201 1686 1257 pluvia
1722 1206 1801 1243 aut

59 1293 95 1321 15
108 1279 258 1321 lutum
288 1278 522 1334 impediat,
554 1284 659 1321 eant
683 1278 844 1320 fratres
876 1278 935 1320 ad
966 1279 1199 1319 Monostor
1234 1275 1328 1330 (ita,
1353 1278 1405 1316 ut
1429 1272 1631 1328 magistri
1663 1271 1803 1313 trium

108 1349 371 1392 inferiorum
405 1349 615 1392 classium
650 1354 865 1391 maneant
901 1348 1048 1390 adhuc
1082 1347 1129 1389 in
1163 1345 1324 1388 scholis
1359 1349 1462 1400 post
1497 1357 1687 1391 sacrum,
1725 1356 1804 1398 per

109 1420 307 1463 mediam
343 1421 516 1474 horam)
570 1420 722 1475 ibique
772 1424 956 1461 sumant
1003 1417 1258 1474 prandium,
1298 1416 1456 1459 eadem
1494 1412 1804 1456 moderatione

109 1491 225 1533 sicut
262 1491 308 1532 in
345 1491 541 1547 collegio,
574 1490 658 1532 nisi
690 1490 847 1546 quod3
878 1489 1075 1532 addatur
1104 1502 1248 1530 unum
1284 1486 1516 1534 ferculum,
1556 1499 1637 1527 nec
1675 1489 1804 1526 extra

109 1561 352 1618 prandium
373 1561 533 1604 bibant
555 1567 635 1604 aut
657 1561 899 1604 comedant
922 1560 1105 1616 aliquid,
1130 1559 1214 1602 nisi
1233 1573 1337 1601 cum
1352 1556 1534 1600 licentia
1549 1555 1801 1611 superioris,

57 1632 188 1689 20qui
224 1632 287 1674 ibi
326 1632 474 1674 fuerit.

241 1716 309 1746 20.
344 1703 661 1746 Constituatur
697 1704 809 1745 hora
847 1708 970 1745 certa
1009 1702 1228 1744 sumendo
1266 1699 1506 1747 ientaculo,
1547 1698 1682 1754 idque
1721 1697 1801 1739 fiat

111 1775 273 1817 stando
304 1779 349 1816 et
380 1774 427 1816 in
457 1774 635 1817 silentio
665 1780 710 1816 et
742 1774 932 1830 quisque
964 1778 1206 1815 contentus
1237 1772 1294 1814 sit
1326 1786 1379 1813 ea
1409 1769 1628 1826 portione,
1663 1783 1802 1824 quam

108 1845 392 1901 dispensator
416 1845 571 1887 ordine
597 1845 879 1901 superiorum
906 1844 1095 1893 dederit,
1124 1843 1308 1885 bibendi
1334 1856 1440 1884 vero
1467 1846 1596 1884 extra
1623 1845 1804 1894 tempus

111 1921 315 1959 servetur
345 1916 511 1972 regula,
547 1916 601 1959 de
634 1917 832 1972 petenda
861 1916 1079 1958 facultate
1114 1930 1141 1957 a
1173 1914 1410 1970 superiore,
1443 1912 1537 1954 sine
1570 1926 1661 1967 qua
1693 1909 1805 1952 nulli

61 2009 98 2036 25
112 1987 245 2029 detur
261 1992 397 2043 potus
415 2002 423 2037 ;
447 1987 647 2043 exceptis
667 1987 1018 2035 coadjutoribus,
1037 1986 1116 2042 qui
1135 1986 1345 2028 laborant
1366 1984 1412 2026 in
1433 1988 1620 2026 aestate.
1639 1981 1804 2038 quibus

113 2072 168 2100 ex
198 2058 380 2101 licentia
411 2058 637 2100 ordinaria
670 2058 802 2100 detur
834 2063 970 2113 potus
1002 2057 1071 2099 bis
1103 2062 1183 2100 aut
1217 2056 1366 2098 semel.

243 2141 311 2172 21.
346 2130 549 2179 Curetur,
573 2134 624 2170 ut
648 2128 726 2184 qui
758 2134 926 2171 vocant
959 2129 1018 2171 ad
1050 2133 1246 2184 portam,
1281 2127 1373 2168 cito
1406 2130 1512 2168 eant
1545 2139 1601 2166 ne
1633 2122 1803 2165 diutius

113 2199 160 2241 in
194 2199 354 2256 fligore
391 2200 681 2242 detineantur
716 2199 778 2240 ibi
812 2199 1018 2241 homines
1053 2204 1098 2240 et
1134 2202 1327 2240 caveant
1364 2195 1519 2245 nostri,
1544 2209 1600 2236 ne
1633 2194 1803 2236 ducant

114 2275 322 2314 externos
362 2285 517 2313 versus
557 2270 755 2312 culinam
790 2275 869 2312 aut
910 2269 1211 2317 refectorium,
1255 2268 1334 2310 sed
1373 2267 1419 2308 in
1460 2265 1557 2308 aliis
1597 2263 1804 2320 partibus

63 2341 314 2390 30ambitus
347 2346 562 2397 poterunt
596 2355 700 2383 curn
734 2340 819 2382 illis
852 2340 1146 2382 inambulare.

245 2425 312 2455 22.
348 2414 539 2455 Curetur
570 2426 625 2454 ne
658 2411 724 2454 ita
749 2411 883 2453 laceri
915 2411 987 2453 vel
1019 2409 1187 2452 sordidi
1219 2408 1434 2450 incedunt
1468 2406 1642 2454 iratres,
1677 2419 1804 2460 prae-

114 2483 268 2526 sertim
297 2483 513 2539 magistri.

246 2567 314 2607 23.
350 2555 621 2596 Moneantur
666 2552 884 2608 privatim
926 2557 1090 2607 patres,
1139 2556 1191 2592 ut
1238 2548 1434 2591 crebrius
1481 2551 1805 2590 conversentur

114 2638 217 2667 cum
244 2625 460 2667 fratribus
488 2630 691 2679 tempore
714 2622 1014 2670 recreationis,
1045 2621 1243 2663 maxime
1271 2618 1610 2662 coadiutoribus
1637 2631 1803 2673 eosque

64 2717 101 2744 35
114 2694 271 2738 iuvent
308 2696 355 2737 in
393 2695 554 2751 spiritu
593 2694 828 2750 colloquiis
866 2692 1187 2749 spiritualibus.

783 2817 871 2859 Pro
903 2815 1070 2858 scholis.

246 2919 283 2949 1.
318 2906 501 2957 Diebus,
526 2907 691 2963 quibus
722 2906 917 2948 habetur
949 2903 1104 2946 concio
1138 2902 1185 2944 in
1219 2901 1404 2958 templo,
1432 2900 1637 2957 discipuli
1667 2899 1806 2941 trium

114 2975 325 3020 classium
354 2977 635 3034 superiorum
667 2976 817 3019 adsint
848 2974 1052 3018 concioni
1082 2988 1186 3015 cum
1215 2987 1306 3015 uno
1337 2987 1392 3015 ex
1422 2969 1802 3028 praeceptoribuS,

240 3077 254 3097 ²
285 3076 320 3109 E
347 3078 417 3111 ket
441 3078 574 3112 utolso
602 3078 771 3111 mondat
791 3076 968 3121 egykort'i
996 3073 1080 3108 mas
1107 3074 1241 3108 kezzel
1266 3072 1474 3107 beszurva.

69 3139 104 3166 4⁰
244 3135 258 3155 ³
284 3136 516 3171 Kitorolve:
545 3136 694 3171 iudicio
721 3136 947 3182 superioris.
