2188 3535
257 235 305 268 94
1017 218 1091 251 No.
1128 228 1172 263 32
1617 217 1736 263 [1580
1765 216 1863 251 febr.
1896 228 1947 253 20

257 342 468 384 ostendit.
494 339 697 394 Accingit
721 352 765 380 se
789 336 1000 380 Maiestas
1033 333 1175 388 Regia
1212 332 1483 375 Lithuanico
1506 333 1668 384 itineri,
1694 334 1754 376 ad
1775 335 1944 377 bellurn

258 426 360 454 curn
410 410 594 454 Mosco²
627 405 1025 462 redintegrandum
1075 409 1134 453 et,
1178 403 1284 460 quia
1334 418 1425 446 non
1475 404 1636 446 dubito
1688 405 1824 447 Ill¹¹¹²³¹¹²
1858 406 1943 448 Do.

258 483 360 525 V¹²²m
409 482 577 523 factam
622 478 675 520 de
719 477 928 519 omnibus
972 475 1031 517 ab
1075 474 1172 516 aliis
1232 474 1481 525 certiorem,
1536 489 1627 517 non
1670 475 1947 518 immorabor

259 550 536 594 recensendis
563 548 628 597 iis,
658 561 774 603 quae
818 546 1000 602 cognita
1039 544 1300 587 Illustritati
1340 546 1430 588 Vrae
1455 546 1558 588 scio.
1589 545 1725 588 Mitto
1751 546 1946 589 inclusas

259 619 501 677 praepositi
549 617 800 673 generalis³
841 617 900 659 ad
941 616 1077 658 mmm
1127 617 1210 658 Do.
1261 617 1387 667 V‘am,
1433 631 1571 673 quarn
1616 616 1671 659 de
1715 617 1948 673 Stephano
1981 626 2000 654 5

259 693 447 734 Aratore
480 688 705 730 monitum
740 687 889 737 velim,
925 692 978 729 ut
1012 687 1048 729 si
1081 687 1202 729 hunc
1235 687 1466 729 hominem
1500 687 1610 729 velit
1645 687 1737 730 suis
1770 688 1950 744 populis

259 761 415 802 utilem
440 772 547 808 esse,
575 758 611 800 si
637 757 789 814 aliqua
814 757 1131 800 benevolentia
1156 757 1275 800 sinat
1302 772 1406 800 eum
1431 758 1477 799 in
1503 758 1741 814 disciplina
1765 758 1951 801 rectoris

261 828 740 873 Colosmonostraensis
777 842 884 878 esse,
922 828 1124 884 nihilque
1161 828 1200 870 ei
1236 833 1367 870 extra
1403 828 1608 871 ordinem
1644 829 1834 880 tribuat,
1872 829 1952 872 sed

261 902 295 943 si
330 899 512 956 quando
546 898 640 941 eius
674 913 824 954 opera,
858 899 927 940 uti
961 899 1086 948 velit,
1122 903 1283 940 utatur
1316 913 1395 954 per
1429 900 1524 942 eius
1557 900 1847 955 superiorem,
1882 900 1952 942 his

262 970 547 1014 cautionibus
590 983 719 1025 spero
763 969 857 1012 fore
900 984 991 1012 non
1034 969 1241 1012 inutilem
1286 970 1556 1025 operarium,
1601 984 1709 1013 nam
1752 970 1954 1028 alioquin
1969 981 2005 1009 ιο

263 1042 400 1084 habet
434 1041 553 1083 bona
586 1040 760 1082 talenta
790 1040 849 1082 ad
880 1044 1106 1083 structum
1139 1040 1185 1081 in
1218 1039 1436 1096 proximis
1469 1040 1740 1084 faciendum.
1777 1042 1955 1084 Literae

160 1131 198 1149 cz.
225 1113 383 1155 7-Ill¹nae
426 1113 508 1154 Do.
545 1112 635 1153 Vrae
662 1111 721 1153 ad
758 1111 869 1154 Smum
902 1111 1152 1154 Dominum
1188 1111 1420 1161 Nostrum,
1457 1126 1571 1168 quas
1592 1126 1673 1168 ego
1702 1124 1744 1168 7.
1768 1113 1955 1155 Decem-

265 1183 355 1225 bris
388 1182 598 1224 dederam
630 1182 811 1224 cuidam
844 1182 1126 1238 Leopoliensi
1158 1181 1245 1224 civi
1277 1182 1579 1238 perferendas,
1613 1182 1818 1226 nondum
1849 1187 1956 1226 sunt

265 1255 356 1296 Rm⁰
387 1253 569 1296 domino
613 1252 779 1295 nuncio
814 1253 1063 1309 apostolico
1105 1253 1323 1303 redditae,
1375 1267 1479 1296 cum
1512 1254 1610 1296 aliis
1641 1254 1753 1297 meis
1784 1254 1955 1304 multis,

264 1338 379 1380 quae
424 1323 636 1365 fasciculo
681 1328 810 1366 erant
856 1324 1102 1375 adiuncta;
1147 1324 1301 1366 videat
1335 1324 1565 1367 Celsitudo
1609 1326 1696 1375 Vra,
1743 1325 1780 1367 si
1824 1338 1958 1380 expe·
1974 1336 2008 1365 15

265 1395 378 1437 diret
402 1394 597 1436 secundo
620 1408 695 1436 eas
716 1394 912 1444 mittere,
943 1409 999 1437 ne
1028 1395 1272 1437 videantur
1292 1409 1399 1450 rogo
1428 1395 1560 1438 initia
1588 1396 1700 1439 haec
1730 1395 1959 1439 Celsitudo

265 1467 338 1508 Vra
363 1465 518 1521 gravia
558 1479 662 1507 cum
703 1465 855 1509 fructu
882 1466 986 1508 inde
1015 1471 1226 1508 secutura
1253 1466 1343 1508 sint
1372 1466 1525 1508 omnia
1553 1467 1734 1509 abunde
1765 1468 1833 1523 (ut
1861 1480 1958 1522 spe-

265 1537 430 1590 ramus)
485 1536 833 1591 compensanda.
892 1537 1035 1592 Cupia
1085 1537 1220 1579 Ill'm‘¹11
1270 1538 1352 1579 Do.
1406 1538 1510 1580 Vram
1557 1552 1739 1594 quoque
1789 1537 1960 1594 optime

267 1607 414 1649 valere
449 1606 508 1648 ad
543 1606 928 1651 Divininominis
963 1607 1180 1650 maiorem
1215 1607 1417 1664 gloriam,
1455 1608 1743 1651 subditorum
1779 1621 1960 1665 quoque

267 1692 448 1720 suorum
480 1677 742 1720 utilitatem.
1662 1733 1669 1741 .
1976 1691 2013 1719 20

381 1748 640 1798 Varsoviae,
678 1761 744 1791 12.
781 1749 1014 1792 Februarii
1050 1750 1174 1804 1580.

385 1819 503 1861 Illmae
545 1819 832 1862 Celsitudinis
863 1821 954 1863 Vrae
1215 1820 1430 1863 minimus
1461 1834 1617 1863 servus
1649 1821 1695 1862 in
1728 1821 1905 1864 Christo

1287 1892 1553 1934 Franciscus
1586 1892 1827 1934 Sunierius.

397 1996 438 2034 Κ
442 1992 606 2034 iilczime
625 2009 638 2034 .·
683 1995 854 2034 Illustro
897 1996 1075 2048 principi
1120 1997 1291 2036 domino
1335 1997 1635 2049 Christophoro
1679 1998 1872 2050 Bathory
1915 1998 1966 2037 de

271 2054 438 2102 Somno,
455 2051 659 2094 vaivodae
674 2055 1018 2107 Transylvaniae,
1036 2056 1270 2096 Siculorum
1286 2057 1464 2097 comitis.
1482 2057 1664 2096 Domino
1678 2070 1772 2096 meo
1787 2064 1968 2109 patrono
1981 2068 2017 2096 23

270 2115 310 2153 in
345 2115 508 2154 Christo
540 2116 935 2155 observandissimo.

274 2203 385 2246 (Grof
426 2205 609 2251 Kemeny
650 2205 784 2251 Jozsef
823 2205 1022 2241 masolata
1063 2206 1313 2252 »Apparatus
1352 2206 1576 2251 epistolaris
1616 2206 1969 2252 Supplementum«

436 2264 467 2298 Ι.
497 2265 636 2299 kotete
669 2276 750 2300 112.
780 2266 804 2300 1.
834 2285 884 2291 —
911 2265 1075 2311 Erdelyi
1102 2266 1285 2300 Nemzeti
1313 2266 1497 2300 Muzeum
1531 2266 1753 2310 leveltara.)

1089 2394 1159 2437 32.

691 2492 1029 2547 Gyulaseje'rvcir,
1064 2495 1178 2547 1580
1207 2495 1456 2548 jebrucirz‘us
1487 2505 1556 2537 20.
1984 2517 2021 2545 30

351 2589 530 2630 Bresciai
559 2592 792 2633 Tenchetta
823 2595 1002 2634 Ferencz
1033 2595 1079 2634 P.
1108 2593 1271 2634 Sunieri
1301 2595 1483 2634 Ferencz
1513 2595 1903 2646 provinczialisnak.

400 2685 433 2722 A
459 2686 658 2735 jejedelem
679 2689 866 2728 elrendeli
880 2704 904 2730 a
919 2690 1140 2730 kolozsva'ri
1158 2690 1376 2742 kollegz'um
1399 2690 1571 2741 ἑρἱίὲςὲί.
1598 2689 1702 2728 Κὲνί
1716 2688 1970 2741 kdzbenja'ra‘·

283 2743 344 2781 scit
367 2756 389 2781 α
410 2745 604 2794 pa'pcina'l,
627 2749 802 2797 engedne}
822 2761 921 2800 meg,
945 2750 1047 2800 lzogy
1071 2749 1199 2799 (citte‘rt
1217 2749 1346 2799 letere)
1374 2749 1559 2788 tova'bbra
1582 2748 1617 2788 is
1639 2752 1723 2801 pap
1744 2745 1970 2798 maradjon.

399 2840 538 2881 Molto
568 2843 829 2886 Reverendo
858 2846 1015 2888 Padre.

401 2910 569 2951 Puochi
609 2912 749 2965 giorni
789 2930 898 2958 sono
937 2918 1004 2958 ch'
1026 2917 1069 2959 io
1108 2917 1263 2959 scrisse
1317 2931 1344 2958 a
1390 2917 1442 2959 V.
1487 2910 1574 2959 Rtia
1623 2930 1749 2958 come
1775 2908 1898 2958 'non
1936 2915 2023 2958 si35

285 2979 459 3022 vedeva
494 2980 711 3036 principio
746 2998 871 3028 cerca
906 2987 947 3028 al
983 2987 1189 3030 fabricar.
1242 2988 1315 3030 Ho
1361 2987 1388 3028 l’
1411 2986 1538 3029 aviso
1573 2987 1641 3028 ch’
1664 2986 1694 3027 il
1730 2985 1972 3042 Magnifico

287 3050 330 3091 S‘
362 3051 618 3105 canzeglier’
644 3053 702 3094 ha
737 3054 864 3097 detto
898 3057 940 3098 al
974 3057 1208 3100 fuonditor
1242 3058 1324 3099 che
1347 3057 1383 3099 si
1405 3057 1597 3113 prepari,
1636 3057 1799 3112 perche
1818 3057 1845 3098 l'
1871 3056 1976 3099 Ill¹¹²o

417 3173 431 3194 ²
459 3174 526 3207 IV.
549 3174 648 3208 Ivan
667 3175 767 3209 czar.
820 3176 834 3196 ³
853 3178 894 3212 P.
915 3179 1128 3224 Aquaviva
1146 3181 1311 3216 Claudio
1329 3192 1349 3216 e
1368 3181 1511 3216 levelet
1528 3191 1619 3215 nem
1637 3180 1840 3225 ismerjiik.
