2188 3535
368 273 415 307 30
1134 255 1209 290 No.
1249 266 1293 300 14
1706 256 1822 301 [1576
1853 257 1977 300 szept.
2016 265 2060 301 13

363 393 585 435 augerem.
630 375 875 432 Impedivit
916 373 1077 416 deinde
1117 373 1227 415 certi
1267 377 1313 415 et
1353 373 1498 416 fidelis
1538 371 1774 421 tabellarii,
1822 369 1911 427 (cui
1951 376 2056 414 tuto

366 464 489 492 meas
525 447 807 491 committere
844 443 1026 500 possim)
1066 442 1231 498 inopia.
1275 444 1394 486 Nam
1430 448 1475 486 et
1512 444 1568 486 de
1604 444 1670 492 iis,
1709 456 1822 499 quas
1858 442 2062 498 proxime

367 521 518 575 elapso
557 531 675 560 anno
705 526 813 569 1575
855 514 997 569 pridie
1026 514 1256 556 Kalendas
1294 514 1505 556 Octobris
1532 514 1592 557 ad
1616 514 1763 556 Tuam
1789 511 1896 555 Mtem
1921 512 2064 562 dedi,1

367 591 658 632 vehementer
673 586 826 633 timeo,
846 598 900 626 ne
916 598 1007 626 non
1023 584 1190 626 fuerint
1206 584 1424 627 redditae.
1446 584 1491 627 Si
1506 584 1627 627 enim
1643 584 1832 626 fuissent
1848 583 2062 639 perlatae,

367 673 455 702 non
478 657 652 705 dubito,
675 655 785 712 quin
805 669 896 710 qua
914 654 1216 704 humanitate,
1237 655 1483 710 prudentia
1503 660 1548 697 et
1568 654 1849 710 benignitate
1868 652 2064 708 superio·
2095 667 2117 696 5

366 729 489 771 ribus
507 726 651 775 annis,
673 726 733 768 ad
750 739 907 767 omnes
924 739 1048 767 meas
1065 725 1305 780 rescripsit,
1325 726 1487 768 eadem
1506 726 1567 768 ad
1583 726 1665 767 has
1683 738 1864 780 quoque
1882 738 1938 766 ex
1955 724 2065 766 urbe

367 799 499 841 datas
531 796 705 853 aliquid
735 797 834 838 Tua
866 795 1080 838 Maiestas
1110 796 1428 850 respondisset.
1464 795 1715 852 Impedivit
1748 794 1941 850 denique
1971 793 2067 836 lues

368 867 642 923 contagiosa,
667 881 784 923 quae
820 867 905 908 hoc
941 880 1061 908 anno
1097 866 1267 908 multas
1301 866 1436 908 urbes
1472 871 1517 908 et
1555 865 1811 921 provincias
1839 864 2065 913 Graeciae,

367 939 528 981 Italiae
558 942 603 980 et
632 936 902 980 Germaniae
931 936 1238 979 miserandum
1266 936 1313 978 in
1342 937 1531 979 modum
1562 936 1902 992 depascebatur.
1936 935 2068 977 Hanc

367 1010 425 1052 ob
460 1022 645 1051 causam
667 1022 749 1050 nec
771 1007 917 1050 efferri
950 1007 1186 1049 commode
1218 1021 1298 1062 per
1329 1007 1429 1049 loca
1461 1007 1646 1055 infecta,
1681 1006 1837 1048 literae
1869 1020 1925 1048 ex
1957 1005 2122 1048 urbem

367 1084 596 1136 poterant,
620 1093 702 1121 nec
724 1078 887 1120 inferre
908 1092 983 1120 eas
1004 1092 1156 1120 secure
1176 1077 1355 1119 licebat.
1380 1079 1442 1119 At
1464 1077 1544 1119 ubi
1564 1077 1764 1132 primum
1785 1076 1895 1118 certi
1916 1075 2069 1118 nuncii

368 1150 499 1206 copia
520 1149 631 1192 mihi
653 1149 858 1204 contigit,
881 1153 1017 1204 rupto
1039 1148 1255 1190 diuturno
1276 1147 1469 1197 silentio,
1493 1162 1584 1204 quo
1605 1162 1730 1189 eram
1750 1147 1820 1189 his
1840 1146 2070 1189 mensibus

367 1235 489 1270 usus,
517 1220 658 1263 malui
684 1220 919 1262 scribendo
944 1218 1087 1261 videri
1111 1218 1415 1274 importunus,
1443 1232 1583 1274 quam
1608 1217 1803 1260 tacendo
1828 1218 2067 1273 negligens,

368 1296 450 1334 aut
485 1292 610 1334 Tuae
643 1305 747 1346 erga
781 1305 852 1333 me
873 1285 957 1332 Mtis
978 1289 1143 1332 amoris
1169 1294 1214 1332 et
1234 1289 1580 1331 benevolentiae
1601 1288 1839 1331 immemor
1858 1292 1904 1330 et
1924 1288 2069 1343 ingra-

369 1368 457 1404 tus.
482 1361 688 1404 Primum
708 1366 862 1404 autem
883 1360 1201 1416 explicandum
1221 1360 1333 1402 mihi
1352 1359 1548 1410 videtur,
1570 1360 1630 1402 ob
1649 1373 1764 1416 quas
1782 1359 2071 1415 potissimum
2084 1373 2121 1402 15

369 1447 531 1475 causas
563 1432 719 1474 divina
738 1431 920 1474 bonitas
938 1432 1084 1474 Tuam
1105 1429 1211 1473 Mtem
1242 1431 1301 1473 ad
1321 1431 1499 1473 culmen
1518 1431 1701 1473 honoris
1720 1429 1886 1480 evexit,
1909 1428 2070 1472 deinde

371 1502 529 1560 paucis
556 1503 603 1544 in
631 1502 897 1545 memoriam
926 1502 1232 1544 revocandum
1260 1501 1494 1557 negotium
1524 1502 1648 1550 illud,
1694 1501 1818 1557 quod
1844 1501 1936 1543 iam
1964 1499 2071 1543 olim

371 1588 475 1616 cum
515 1574 614 1616 Tua
654 1573 731 1615 M‘e
771 1577 967 1615 tractare
1007 1586 1255 1628 coeperam.

490 1645 600 1700 Ego,
623 1643 684 1685 sic
704 1643 928 1692 existimo,
950 1647 1148 1699 quatuor
1165 1644 1247 1686 has
1265 1657 1335 1685 res
1353 1642 1644 1699 potissimum
1664 1642 1711 1684 in
1730 1656 1829 1698 rege
1849 1641 2072 1684 catholico

373 1715 516 1757 inesse
549 1718 786 1770 oportere;
821 1713 1041 1770 pietatem
1073 1728 1177 1769 erga
1209 1715 1371 1763 Deum,
1407 1713 1633 1756 iustitiam
1666 1718 1711 1755 et
1743 1712 2072 1768 benignitatem
2085 1727 2123 1755 20

374 1800 478 1841 erga
518 1785 738 1834 subditos,
781 1784 843 1827 rei
883 1784 1077 1840 denique
1116 1784 1324 1826 militaris
1363 1784 1574 1840 peritiam
1616 1784 1675 1826 ad
1714 1783 2072 1839 propulsandum

373 1857 528 1898 hostes
547 1869 574 1898 a
593 1870 731 1911 regno
751 1868 760 1905 ;
784 1869 900 1911 quae
921 1855 1073 1911 qualia
1093 1855 1184 1897 sint
1204 1855 1251 1897 in
1271 1859 1330 1904 te,
1353 1869 1463 1910 pace
1484 1859 1578 1904 tua,
1601 1855 1736 1896 liceat
1757 1868 1924 1910 quaeso
1945 1853 2069 1902 mihi,

374 1941 451 1969 rex
490 1926 797 1975 invictissime,
838 1926 898 1968 ad
934 1939 1221 1968 communem
1259 1925 1509 1968 multorum
1546 1925 1796 1967 utilitatem
1834 1924 1989 1980 paucis
2026 1928 2072 1966 et

377 1996 645 2039 summatim
679 2001 862 2039 tantum
910 1996 1144 2052 attingere.
1195 1995 1293 2038 Scio
1328 1996 1550 2052 equidem,
1587 1995 1697 2052 quid
1728 1995 1800 2038 hic
1834 1995 1944 2038 mihi
1975 1995 2074 2037 Tua

377 2067 591 2110 Maiestas
614 2067 898 2123 respondeat,
923 2071 969 2109 te
990 2066 1178 2122 gloriam
1201 2067 1259 2109 ab
1280 2067 1541 2109 hominibus
1563 2081 1654 2109 non
1676 2080 1902 2123 quaerere,
1927 2079 2124 2121 neque25

376 2138 587 2180 laudibus
634 2137 846 2180 delectari
891 2137 1115 2187 humanis,
1163 2137 1297 2180 laude
1342 2137 1521 2180 interna
1566 2137 1712 2180 bonae
1757 2136 2071 2186 conscientiae,

376 2223 467 2265 qua
506 2208 552 2250 in
591 2213 763 2251 secreto
802 2207 948 2251 cordis
985 2209 1082 2251 Deo
1121 2208 1202 2250 soli
1239 2208 1484 2264 placemus,
1525 2212 1806 2250 contentum.
1849 2209 1990 2250 Recte
2027 2206 2075 2248 id

373 2279 560 2335 quidem
586 2284 630 2321 et
658 2279 886 2335 sapienter
910 2279 1009 2321 Tua
1034 2278 1248 2321 Maiestas
1273 2278 1506 2321 iudicavit.
1526 2279 1662 2321 Nulla
1688 2278 1808 2321 enim
1834 2283 1901 2321 est
1927 2277 2075 2320 verior

375 2355 419 2392 et
441 2349 684 2405 perfectior
704 2350 802 2392 laus
823 2349 1055 2392 christiani
1075 2349 1257 2392 honoris
1278 2348 1324 2391 in
1343 2349 1429 2391 hac
1450 2349 1561 2398 vita,
1599 2364 1739 2405 quam
1760 2348 2074 2392 testimonium

377 2421 522 2463 bonae
571 2420 884 2463 conscientiae.
929 2421 1257 2463 Verumtamen
1300 2419 1559 2462 satisfacere
1604 2420 1849 2476 aliquando
1893 2423 2073 2475 oportet
2084 2434 2124 2462 3ο

377 2496 422 2533 et
455 2505 613 2533 eorum
646 2491 701 2533 de
734 2496 779 2533 te
812 2490 1113 2546 opinionibus,
1148 2491 1207 2533 ad
1239 2504 1434 2546 quorum
1467 2490 1682 2533 notitiam
1714 2490 1918 2533 nondum
1949 2491 2074 2532 Tuae

375 2556 460 2603 Mtis
495 2561 691 2604 virtutes
733 2566 778 2604 et
805 2576 874 2604 res
900 2566 1052 2617 gestae
1079 2566 1382 2617 pervenerunt
1404 2574 1413 2611 ;
1442 2561 1782 2603 concedendum
1808 2560 1981 2618 aliquid
2005 2564 2073 2603 est

375 2631 607 2674 desideriis
637 2632 978 2682 catholicorum,
1010 2631 1088 2688 qui
1118 2637 1248 2674 tuam
1277 2630 1614 2687 integerrimam
1645 2631 1804 2680 vitam,
1837 2631 2074 2674 modestis-

374 2701 511 2744 simos
527 2716 688 2752 mores,
704 2702 1122 2745 constantissimam
1137 2703 1287 2751 fidem,
1305 2716 1534 2744 summam
1550 2702 1783 2757 pietatem,
1801 2701 2072 2758 singularem

373 2771 614 2821 iustitiam,
639 2771 946 2815 incredibilem
967 2772 1261 2822 contentiam‚
1286 2772 1506 2814 sinceram
1528 2772 1781 2821 caritatem,
1805 2771 2073 2815 inusitatam
2086 2788 2124 2816 35

374 2842 707 2898 benignitatem
756 2847 801 2885 et
852 2843 1107 2886 inauditam
1155 2843 1493 2886 humanitatem
1543 2843 1835 2885 vehementer
1882 2843 2073 2899 cupiunt

376 2927 642 2969 cognoscere
660 2926 669 2962 ;
688 2914 991 2957 occurendum
1007 2919 1074 2956 est
1092 2913 1214 2956 falsis
1232 2914 1290 2956 ab
1305 2913 1574 2956 adversariis
1590 2913 1645 2955 de
1660 2914 1758 2956 Tua
1774 2912 1851 2956 Mte
1865 2913 2074 2956 excitatis

378 2982 648 3026 rumoribus.
676 2984 972 3027 Serviendum
997 2984 1189 3041 denique
1212 2988 1279 3027 est
1302 2983 1494 3026 utilitati
1516 2984 1817 3034 subditorum,
1843 2983 1921 3040 qui
1942 2983 1989 3025 in
2012 2988 2071 3033 te,

376 3061 617 3110 tamquam
637 3053 684 3096 in
712 3054 958 3110 exemplari
989 3055 1087 3097 viro
1119 3054 1322 3097 omnium
1354 3054 1596 3104 virtutum,
1635 3054 1747 3111 quid
1777 3054 2071 3110 sequendum,

375 3124 486 3180 quid
512 3124 777 3180 fugiendum
804 3125 876 3174 sit,
903 3125 1069 3168 intueri
1094 3138 1367 3181 magnopere
1395 3124 1668 3168 desiderant.
1693 3124 1817 3167 Nihil
1837 3129 1920 3175 est,
1943 3123 2123 3169 credew

506 3225 519 3246 ¹
546 3225 603 3260 Ez
634 3235 690 3260 11.
719 3236 772 3259 sz.
803 3236 838 3260 a.
867 3226 1042 3260 iratunk.

2166 2890 2169 2903 l

2169 2465 2178 2750 :
