2188 3535
293 236 343 268 60
1064 225 1139 258 No.
1179 227 1222 260 18
1665 222 1785 267 [1577
1815 221 1901 265 jun.
1936 232 1986 265 24

294 365 400 393 vero
428 350 636 393 ecclesiae
665 346 747 390 Dei
775 350 912 399 atque
940 342 1175 383 universae
1202 338 1475 396 reipublicae
1502 339 1774 381 christianae
1801 352 1987 380 causam

294 421 422 463 nobis
458 420 692 474 diligenter
726 411 1082 460 commendatis:
1121 411 1181 459 id,
1219 410 1607 466 quemadmodum
1643 423 1670 452 a
1704 409 1793 465 pio,
1830 408 1987 451 lauda-

294 491 460 546 bilique
485 494 634 532 vestro
658 487 823 528 affectu
847 481 1157 537 proficiscitur,
1183 480 1250 522 ita
1273 481 1403 523 riobis
1425 480 1694 536 praecipuae
1718 493 1851 522 curae
1874 493 1988 521 Sem-

295 575 372 616 per
406 561 504 608 fuit,
542 571 592 600 ac
626 557 754 609 longe
789 552 947 595 maiori
981 552 1027 593 in
1062 556 1294 606 posterum
1329 552 1535 594 futurum
1570 550 1668 593 erit.
1706 551 1826 592 Nam
1859 549 1990 592 nobis

294 630 474 685 quidem
510 632 553 669 et
589 622 914 667 existimationi
948 627 1143 671 nostrae,
1180 622 1302 665 ultra
1336 621 1475 664 etiam
1510 621 1674 664 merita
1707 625 1865 663 nostra
1898 620 1989 662 iam
2021 633 2042 661 5

294 700 398 741 olim
430 697 582 740 divino
613 707 796 737 munere
826 692 1114 734 satisfactum
1145 697 1226 735 est.
1261 694 1392 735 Nunc
1423 707 1475 735 eo
1506 692 1634 734 labor
1663 691 1811 734 omnis
1840 690 1990 733 confe-

294 769 455 810 rendus
483 766 579 814 erit,
611 779 701 820 quo
729 768 998 806 ornamenta
1025 763 1149 813 haec,
1181 778 1297 818 quae
1325 763 1638 805 liberalissima
1665 776 1806 805 manu
1833 761 1880 804 in
1907 775 1990 803 nos

293 839 503 880 Maiestas
535 835 690 878 divina
720 833 928 882 contulit,
963 833 1023 875 ad
1054 848 1157 876 eum
1189 833 1377 883 fontem,
1412 834 1484 876 cui
1515 833 1721 889 inprimis
1752 833 1988 881 debentur,

292 909 564 956 relabantur,
630 904 772 948 divini
826 904 994 946 scilicet
1043 904 1240 946 nominis
1288 904 1470 947 laudem
1521 909 1565 946 et
1616 903 1990 960 propagationem

292 984 335 1020 et
373 977 643 1033 reipublicae
680 974 952 1018 christianae
989 974 1281 1017 incrementa.
1321 975 1395 1017 Ad
1431 989 1570 1030 quam
1607 989 1702 1017 rem
1739 974 1899 1016 melius
1935 987 1990 1016 ex
2006 988 2044 1016 ιο

292 1048 429 1090 animi
457 1047 684 1090 sententia
710 1045 1049 1095 conficiendam,
1080 1059 1184 1087 cum
1211 1050 1362 1088 vester
1386 1045 1497 1088 ordo
1519 1045 1590 1088 vel
1612 1044 1835 1101 imprimis
1861 1044 1992 1087 nobis

292 1119 494 1174 apprime
525 1118 582 1160 sit
614 1116 916 1167 necessarius;
966 1116 1127 1158 merito
1158 1116 1289 1158 nobis
1319 1121 1365 1159 et
1395 1121 1464 1158 est
1495 1121 1540 1159 et
1571 1116 1656 1158 erit
1687 1129 1864 1171 semper
1892 1129 1990 1171 gra-

293 1189 520 1231 tissimus:
564 1188 687 1245 quod
735 1193 835 1230 tum
870 1201 915 1229 re
951 1187 1118 1242 potius,
1169 1201 1309 1244 quam
1344 1187 1495 1230 verbis
1531 1186 1874 1236 declarabimus,
1912 1185 1991 1228 ubi

293 1260 489 1315 primum
513 1259 636 1315 regni
660 1259 793 1301 huius
821 1258 963 1300 nostri
987 1257 1170 1313 negotia
1194 1258 1592 1314 composuerimus,
1620 1272 1672 1301 ac
1698 1257 1757 1300 ad
1781 1262 1992 1313 optatam

293 1331 492 1386 quietem
531 1330 685 1373 omnia
725 1328 1091 1385 perduxerimus:
1137 1329 1274 1385 quod,
1305 1333 1358 1371 ut
1397 1328 1751 1385 quamprimum,
1783 1329 1865 1371 fiat
1907 1327 1992 1384 piis
2006 1337 2044 1365 15

293 1401 499 1456 precibus
530 1401 691 1443 vestris
723 1400 838 1442 effici
870 1400 1034 1450 debet;
1069 1400 1235 1455 quibus
1266 1414 1348 1442 nos
1379 1400 1519 1442 etiam
1551 1405 1690 1456 atque
1722 1399 1862 1442 etiam
1894 1398 1991 1440 dili-

293 1476 449 1527 genter
483 1471 864 1514 commendamus.
902 1472 1024 1513 Bene
1059 1471 1210 1513 valere
1244 1471 1523 1514 Devotiones
1557 1475 1734 1514 vestras
1768 1469 1988 1526 cupimus.

410 1543 480 1584 Ex
513 1542 670 1584 castris
702 1542 760 1583 ad
792 1541 1044 1592 Gedanum,
1075 1541 1146 1584 die
1175 1554 1243 1597 24.
1268 1541 1435 1585 mensis
1467 1542 1606 1597 Junii.
1642 1543 1775 1584 Anno
1807 1539 1992 1584 Domini

296 1624 419 1667 1577.
455 1613 599 1668 Regni
631 1613 772 1654 nostri
804 1627 922 1655 anno
955 1612 1164 1655 secundo.

410 1684 666 1739 Stephanus
704 1685 814 1726 Rex.
2006 1693 2046 1720 20

424 1785 482 1827 (P.
534 1784 714 1819 Sacchini
761 1784 931 1819 Fcrencz
985 1785 1022 1819 S.
1061 1785 1098 1830 J.
1139 1785 1342 1820 »Historia
1377 1785 1589 1821 Societatis
1626 1786 1744 1831 Jesu«
1777 1795 1833 1819 cz.
1871 1784 1992 1819 miive

297 1843 364 1876 IV.
382 1843 420 1876 k.
438 1863 488 1867 —
504 1843 646 1880 Rotna,
668 1843 774 1886 1652.
790 1844 1002 1886 —142.l.)

1105 1998 1176 2042 18.

732 2096 961 2139 Danczkai
991 2097 1125 2146 tcibor,
1160 2107 1276 2152 1577
1305 2097 1466 2152 junius
1497 2109 1567 2152 24.

602 2198 793 2251 Bathory
824 2200 973 2239 Istvan
1003 2200 1140 2253 kiraly
1170 2201 1215 2240 P.
1248 2201 1405 2241 Szanto
1436 2200 1686 2240 Istvannak.
2004 2201 2043 2230 25

432 2288 590 2328 Va‘lasz.
622 2293 845 2344 dezizljon
878 2294 1074 2333 ta'rsaival
1104 2292 1352 2335 hazaindul6
1385 2295 1576 2335 Ιεόυείὲυεί
1604 2294 1856 2346 hozzdjdmzi.

418 2386 677 2441 Stephanus
718 2388 804 2430 Dei
844 2389 994 2444 gratia
1024 2403 1104 2432 rex
1139 2389 1355 2432 Poloniae
1397 2394 1483 2432 etc.
1529 2389 1746 2446 Princeps
1776 2389 1990 2444 Transyl-

299 2469 459 2497 vaniae
496 2461 580 2498 etc.

413 2527 692 2570 Venerabilis
720 2529 885 2573 devote
912 2531 1042 2573 nobis
1070 2531 1244 2574 dilecte.

417 2597 686 2651 Accepimus
707 2600 837 2643 binas
857 2601 1010 2644 literas
1041 2606 1087 2644 et
1109 2602 1330 2658 scriptum
1353 2601 1621 2645 Devotionis
1643 2602 1766 2644 Tuae
1786 2616 1794 2645 :
1834 2606 1991 2657 gratae
2005 2609 2044 2637 3⁰
2093 2614 2097 2616 ’

304 2665 432 2707 nobis
450 2665 617 2716 literae,
637 2675 818 2723 gratum
837 2671 975 2714 etiam
992 2672 1211 2728 scriptum
1231 2673 1342 2715 illud
1357 2673 1457 2715 fuit.
1477 2672 1766 2715 Meminimus
1784 2686 1867 2715 nos
1885 2686 1990 2715 cum

301 2735 554 2778 Devotione
585 2738 682 2780 Tua
714 2742 1069 2785 communicasse
1101 2743 1338 2786 consilium
1369 2743 1424 2786 de
1456 2743 1710 2786 Devotione
1741 2743 1853 2791 Tua,
1886 2757 1990 2786 cum

303 2805 473 2860 aliquot
511 2807 651 2856 sociis,
684 2809 728 2851 in
758 2812 1134 2867 Transylvaniam
1165 2814 1484 2869 propagandae
1514 2813 1725 2856 salutaris
1756 2813 1990 2856 doctrinae

304 2889 439 2917 causa
468 2876 744 2922 advocanda.
776 2882 831 2923 Id
857 2884 980 2938 quod
1006 2898 1111 2926 cum
1139 2884 1333 2926 dilatum
1364 2885 1511 2927 adhuc
1534 2883 1684 2933 fuerit,
1709 2883 1988 2927 interceden-

304 2945 426 2987 tibus
459 2946 596 2988 variis
630 2949 774 2999 rebus,
810 2966 928 2995 nunc
962 2959 1081 2996 certe
1113 2955 1250 2997 finem
1283 2969 1416 2997 suum
1450 2954 1600 2997 sortiri
1633 2954 1781 2996 debet.
1807 2955 1988 3010 Deligat
2001 2963 2041 2992 35

304 3015 441 3070 igitur
483 3016 677 3060 Devotio
717 3021 815 3064 Tua
854 3023 1027 3079 aliquot
1068 3025 1152 3067 sibi
1193 3024 1335 3068 socios
1375 3030 1420 3068 et
1460 3025 1527 3067 ita
1567 3038 1612 3067 se
1656 3030 1906 3080 comparet,
1935 3029 1988 3067 ut

303 3099 406 3128 cum
440 3091 593 3128 orator
625 3095 789 3140 noster,
823 3107 958 3148 quem
991 3096 1188 3138 Romam
1230 3095 1514 3138 obedientiae
1546 3095 1672 3138 Sedis
1701 3095 1988 3151 Apostolicae

304 3156 474 3198 solenni
499 3157 589 3198 ritu
612 3172 747 3202 causa
769 3161 999 3207 faciendae
1024 3165 1266 3215 mittimus,
1290 3165 1394 3209 inde
1416 3170 1682 3216 revertetur,
1700 3179 1804 3208 cum
1820 3181 1872 3210 eo
1889 3166 1989 3222 ipso
