2188 3535
128 182 219 223 1581
255 182 378 224 szept.
419 180 453 223 1]
890 178 965 213 No.
995 188 1043 225 59
1742 184 1808 221 175

123 301 329 339 nostrum
353 295 698 346 accomodatur;
740 295 786 337 in
809 311 899 352 quo
922 297 1013 340 iam
1036 302 1081 339 et
1105 311 1230 340 sacra
1253 296 1474 338 celebrare
1489 298 1533 336 et
1556 293 1810 335 concionari

125 372 368 422 coeperunt
389 381 398 418 ;
422 371 718 422 speraturque
738 367 810 408 hic
830 367 959 423 longe
982 368 1124 410 maior
1145 368 1318 410 fructus
1339 381 1394 408 ex
1416 363 1605 420 simplici
1626 364 1809 419 populo,

125 452 263 494 quam
300 452 354 480 ex
391 437 558 486 aulicis,
597 437 715 479 inter
751 452 864 493 quos
899 439 1118 481 hactenus
1155 443 1260 481 sunt
1298 435 1562 480 concionati.
1603 436 1722 477 Nam
1758 438 1810 476 ut

125 508 369 564 plurimum
390 509 580 551 verbum
602 508 686 550 Dei
706 507 752 549 in
773 508 927 550 aulicis
947 509 1096 551 locum
1118 514 1162 551 et
1185 509 1383 565 quietem
1405 506 1488 549 sibi
1509 520 1600 548 non
1620 505 1808 548 invenit.

77 596 94 623 5
241 579 471 621 Secundus
495 579 630 629 locus,
649 578 696 620 in
717 593 806 634 quo
832 579 1028 634 primum
1052 580 1194 622 nostri
1219 579 1529 626 consederunt,
1557 577 1813 632 appellatur

125 649 501 699 Colosmonostra,
543 649 621 705 qui
660 649 766 692 olim
806 655 902 692 erat
943 651 1068 693 sedes
1108 650 1287 693 abbatis
1325 647 1690 704 Transylvaniae,
1733 646 1810 702 qui

124 733 180 774 30
201 720 375 762 circiter
397 735 536 776 pagos
559 725 604 762 et
629 720 797 776 oppida
819 722 903 763 sub
927 735 972 763 se
995 722 1194 763 habebat
1213 735 1221 771 ;
1247 735 1363 777 quae
1386 719 1550 768 omnia,
1569 723 1813 775 postquam

126 791 335 833 monachi
359 805 382 833 e
406 806 542 847 regno
567 791 749 833 fuerunt
774 791 916 841 eiecti,
943 792 1061 834 inter
1085 792 1255 834 nobiles
1280 796 1384 833 sunt
1410 790 1640 832 distracta.
1668 790 1814 831 Locus

124 861 196 904 hic
222 862 282 904 ad
303 862 606 904 habitandum
633 867 700 904 est
727 863 1068 905 amoenissimus
1095 868 1138 905 et
1167 861 1512 904 saluberrimus:
1556 861 1614 902 ab
1641 859 1812 902 oriente

80 949 112 975 10
124 933 262 975 habet
303 947 471 988 pagum
511 938 730 982 nostrum,
773 933 987 976 coenobio
1028 939 1072 976 et
1114 933 1327 976 suburbio
1368 931 1567 974 civitatis
1608 929 1812 973 Claudio-

125 1003 353 1059 politanae
388 1004 664 1059 contiguum,
703 1018 729 1046 a
765 1004 1069 1060 septentrione
1105 1004 1164 1047 ad
1198 1018 1340 1045 unum
1375 1002 1562 1044 milliare
1599 1001 1810 1043 Italicum

126 1074 248 1117 collis
280 1075 400 1118 altus
432 1074 704 1124 extenditur,
740 1075 798 1117 ab
830 1080 933 1117 ortu
966 1076 1025 1118 ad
1057 1089 1265 1117 occasum
1298 1087 1376 1129 per
1408 1072 1495 1114 tria
1527 1072 1701 1113 circiter
1733 1075 1814 1113 aut

126 1150 323 1201 quatuor
370 1145 576 1188 milliaria
640 1146 801 1188 Italica
847 1144 989 1188 vineis
1037 1145 1249 1194 consitus,
1301 1159 1355 1186 ex
1403 1142 1566 1199 quibus
1615 1141 1814 1183 decimae

126 1216 220 1258 vini
243 1216 372 1259 nobis
395 1217 634 1259 solvuntur
654 1230 661 1258 :
688 1217 772 1259 sub
795 1216 937 1259 vineis
961 1217 1054 1272 agri
1077 1217 1206 1258 iuxta
1229 1215 1464 1258 vinearum
1486 1212 1815 1268 longitudinem

80 1302 113 1329 15
126 1288 472 1342 protenduntur.
505 1287 630 1329 Inter
658 1301 786 1342 agros
815 1292 859 1328 et
889 1287 1059 1338 collem,
1083 1287 1130 1328 in
1151 1301 1241 1342 quo
1270 1285 1408 1328 situm
1437 1289 1503 1326 est
1533 1282 1814 1331 coenobium,

127 1358 273 1400 amnis
307 1358 534 1400 Samosius
565 1372 751 1400 saxosus
783 1362 828 1399 et
861 1358 1200 1413 limpidissimus
1232 1357 1291 1399 ad
1323 1360 1487 1404 ortum,
1522 1368 1677 1396 versus
1710 1352 1816 1395 civi-

127 1433 272 1471 tatem
300 1428 538 1478 delabitur,
568 1428 645 1484 qui
671 1427 801 1470 nobis
828 1428 1011 1483 singulis
1039 1428 1197 1471 diebus
1215 1426 1398 1471 Veneris
1425 1425 1660 1482 pisciculos
1687 1424 1817 1466 vivos

127 1503 172 1541 et
210 1499 526 1542 saluberrimos
565 1499 839 1541 sufficientes
866 1499 1155 1555 suppeditat;
1197 1499 1244 1540 in
1283 1512 1372 1554 quo
1412 1497 1532 1539 mola
1570 1510 1662 1538 una
1713 1508 1817 1536 cum

127 1570 272 1613 tribus
311 1570 434 1620 rotis,
468 1574 641 1612 aestate
673 1574 717 1612 et
749 1570 911 1625 hyeme
943 1575 1161 1625 perpetuo
1193 1567 1588 1617 circumvolvitur;
1631 1581 1686 1608 ex
1727 1579 1819 1621 qua

80 1657 115 1683 20
127 1640 227 1696 plus
253 1640 391 1682 tritici
418 1645 462 1683 et
491 1640 660 1683 farinae
687 1640 948 1696 colligimus,
977 1656 1115 1697 quam
1142 1640 1283 1696 possit
1310 1639 1545 1694 collegium
1571 1643 1670 1680 toto
1698 1650 1817 1679 anno

127 1725 399 1754 consumere.
433 1712 551 1754 Item
582 1726 636 1754 ex
665 1726 757 1754 una
787 1717 916 1767 parte
945 1712 1071 1754 fluvii
1101 1711 1147 1753 in
1177 1711 1287 1753 colle
1317 1710 1455 1753 situm
1485 1714 1552 1751 est
1583 1707 1817 1764 praedium

127 1787 345 1832 nostrum,
383 1782 556 1825 distans
589 1797 680 1825 uno
715 1782 838 1825 iactu
872 1783 1034 1839 lapidis
1056 1797 1083 1825 a
1104 1782 1332 1825 coenobio.
1371 1780 1457 1824 Hic
1493 1783 1821 1822 conservantur

127 1853 288 1909 fruges,
322 1853 538 1902 triticum,
573 1867 731 1902 avena,
772 1853 969 1903 foenum,
1010 1854 1258 1903 stramina;
1299 1852 1371 1894 hic
1410 1851 1536 1894 varia
1575 1855 1681 1894 sunt
1719 1850 1819 1891 loca

127 1938 207 1980 pro
245 1925 403 1974 bobus,
443 1924 605 1974 vaccis,
645 1924 803 1980 porcis,
844 1925 1018 1974 ovibus,
1059 1924 1290 1973 columbis,
1331 1923 1491 1979 apibus
1529 1927 1574 1964 et
1612 1920 1817 1977 gallinis;

81 1995 198 2037 25hic
232 1995 348 2038 casei
381 1995 504 2038 ovini
538 2000 583 2038 et
617 1995 791 2037 vaccini
824 1995 1140 2052 exprimuntur
1173 2000 1217 2037 et
1251 1994 1381 2037 lactis
1414 1993 1640 2036 sufficiens
1673 1991 1815 2047 copia,

127 2066 304 2122 quoties
341 2081 454 2122 opus
492 2066 641 2115 fuerit,
685 2066 744 2108 ad
780 2066 1015 2122 collegium
1053 2066 1264 2108 defertur.
1306 2064 1494 2107 Praedio
1532 2062 1819 2117 coniungitur

128 2151 183 2179 ex
217 2142 347 2193 parte
382 2136 649 2180 occidentali
683 2137 842 2179 hortus
877 2137 1160 2193 longissimus
1196 2142 1241 2179 et
1276 2135 1534 2184 latissimus,
1573 2134 1632 2176 ad
1667 2132 1820 2175 omnia

129 2208 350 2250 seminum
371 2222 534 2264 genera
554 2207 827 2263 aptissimus.
852 2210 923 2250 Ex
944 2208 1032 2251 alia
1052 2212 1182 2264 parte
1202 2207 1330 2250 fluvii
1349 2207 1544 2248 habetur
1563 2203 1818 2260 poman‘um

129 2279 450 2330 vastissimum,
489 2278 623 2321 variis
673 2278 913 2321 fructiferis
962 2278 1196 2321 arboribus
1246 2277 1484 2319 consitum.
1537 2275 1656 2317 Item
1705 2273 1820 2315 alius

83 2363 118 2389 30
129 2350 286 2392 hortus
332 2350 634 2406 amplissimus
679 2364 759 2405 pro
804 2350 1023 2399 brassicis,
1071 2348 1321 2405 peponibus
1367 2352 1411 2389 et
1456 2346 1561 2388 lino.
1617 2346 1819 2400 Quartus

129 2421 286 2464 hortus
313 2421 541 2470 coenobio,
570 2420 663 2462 sive
693 2425 840 2462 castro
866 2426 1020 2462 nostro
1047 2434 1102 2461 ex
1128 2424 1256 2475 parte
1283 2417 1488 2460 orientali
1514 2415 1814 2471 coniungitur,

130 2491 208 2548 qui
227 2491 337 2534 rosis
357 2492 403 2533 in
423 2491 625 2541 circuitu,
655 2491 888 2533 arboribus
909 2491 1081 2546 aliquot
1102 2488 1342 2531 fructiferis
1363 2493 1406 2530 et
1428 2487 1598 2530 vitibus
1620 2485 1820 2529 consitus

131 2567 211 2605 est.
250 2563 441 2605 Praebet
476 2562 548 2604 hic
582 2563 740 2604 hortus
775 2561 904 2603 nobis
938 2575 1052 2603 uvas
1087 2561 1146 2603 ad
1180 2559 1507 2602 comedendum
1529 2557 1816 2607 sufficientes,

132 2632 303 2689 aliquot
328 2638 560 2689 praeterea
584 2632 703 2675 dolia
726 2632 833 2674 vini.
868 2631 1089 2687 Quintum
1112 2632 1296 2673 hortum
1319 2630 1539 2672 habemus
1562 2628 1609 2671 in
1633 2628 1820 2670 civitate

87 2717 222 2746 35non
265 2704 413 2746 minus
461 2703 725 2759 spatiosum,
771 2703 849 2759 qui
892 2702 938 2744 in
981 2701 1171 2744 circuitu
1214 2701 1445 2757 plantatas
1487 2700 1626 2742 habet
1670 2699 1820 2741 varias

133 2775 312 2817 arbores
342 2775 624 2825 fructiferas;
656 2774 702 2816 in
731 2773 879 2816 medio
909 2778 1029 2816 terra
1058 2772 1235 2828 pinguis
1264 2776 1309 2814 et
1338 2771 1475 2827 plana
1504 2775 1571 2813 est
1601 2770 1662 2812 ad
1691 2769 1821 2812 semi-

133 2845 347 2888 nandum.
377 2847 521 2888 Erant
547 2845 619 2887 hic
646 2845 752 2887 olim
779 2849 824 2887 et
864 2844 979 2887 vites
1019 2842 1357 2885 muscotallinae
1384 2856 1411 2884 a
1436 2841 1668 2884 monachis
1695 2841 1821 2896 plan-

134 2919 271 2967 tatae,
304 2916 383 2958 sed
413 2931 488 2959 eas
517 2915 731 2959 haeretici
762 2915 894 2964 cives,
944 2914 1206 2971 priusquam
1237 2913 1360 2955 locus
1390 2912 1519 2955 nobis
1550 2912 1818 2960 traderetur,

135 2991 443 3041 exportarunt.

89 3067 124 3095 40
266 3057 402 3100 Porro
431 3063 587 3101 nostra
616 3058 979 3101 Colosmonostra
1008 3056 1066 3098 ab
1095 3069 1255 3097 occasu
1284 3055 1423 3097 habet
1454 3067 1582 3110 agros
1612 3057 1656 3095 et
1687 3056 1821 3109 prata

136 3130 390 3169 nostrorum
423 3129 711 3171 colonorum:
747 3143 774 3171 a
805 3126 989 3170 meridie
1022 3131 1175 3169 autem
1207 3125 1358 3181 sylvas
1390 3129 1568 3167 nostras
1600 3122 1821 3179 amplissi-
