2188 3535
176 173 273 216 1580
301 169 382 214 jan.
418 173 482 215 27]
940 173 1014 207 No.
1052 185 1100 220 30
1808 187 1851 221 91

170 302 226 331 ex
247 288 444 331 Austria.
478 290 596 331 Nam
628 303 709 331 nos
742 290 939 346 quidem,
974 292 1051 348 qui
1084 292 1283 348 linguam
1315 307 1470 336 eorum
1502 307 1593 336 non
1626 294 1853 343 callemus

171 363 381 401 externos
402 359 556 402 iuvare
578 374 669 402 non
690 375 941 415 possumus.
971 363 1104 418 Quod
1132 368 1349 419 superest,
1379 363 1511 420 cupio
1543 366 1597 407 R.
1623 365 1670 406 P.
1694 364 1856 413 Tuam,

172 429 285 471 bene
323 429 370 470 in
408 430 604 472 Domino
643 430 805 480 valere,
846 431 973 474 cuius
1011 433 1179 475 sanctis
1217 434 1497 476 orationibus
1536 449 1607 477 me
1646 448 1750 477 cum
1788 435 1857 476 his

172 499 328 555 paucis
355 500 520 542 nostris
547 515 598 542 ac
627 505 776 544 totam
803 502 919 544 hanc
947 503 1300 559 Transylvaniae
1327 509 1372 546 et
1402 505 1662 561 Hungariae
1690 510 1858 547 terram

124 582 144 610 5
173 570 439 612 commendo
469 570 737 614 enixissime.

289 640 677 684 Colosmonostrae
706 642 766 684 ad
794 642 1134 699 Claudiopolim,
1165 657 1233 700 27.
1265 645 1483 700 Januarii.
1515 647 1647 688 Anno
1676 645 1860 688 Domini

175 711 306 763 158o;
327 725 463 767 quem
480 713 534 754 R.
554 713 601 754 P.
619 712 765 755 Tuam
781 713 1108 757 faustissimum
1124 729 1174 757 ac
1192 715 1496 758 felicissimum
1509 730 1665 772 precor
1677 720 1722 758 et
1734 720 1857 771 opto.

291 782 581 825 Reverendae
621 784 668 826 P.
709 784 831 826 Tuae

1239 870 1394 899 servus
1424 856 1471 898 in
1502 856 1678 899 Christo

129 935 163 963 ιο
1130 926 1330 981 jacobus
1360 926 1654 982 Vagrovicius
1688 940 1801 982 mpr.

304 1027 545 1067 Kiilczime:
565 1028 806 1069 Admodum
837 1026 913 1068 Rd0
941 1029 984 1068 in
1014 1031 1178 1070 Christo
1208 1031 1324 1069 Patri
1354 1031 1510 1069 Nostro
1543 1031 1588 1069 P.
1622 1030 1864 1070 Everhardo

177 1087 437 1127 Mercuriano
469 1089 708 1140 praeposito
739 1090 920 1141 generali
952 1090 1171 1130 Societatis
1202 1090 1316 1140 Jesu.
1349 1090 1522 1128 Romae.

451 1180 642 1223 (Eredeti‚
667 1181 891 1226 sajatkezfi,
917 1193 940 1216 a
969 1181 1260 1226 Jezsuita-rend
1286 1180 1588 1222 leveltaraban.)

295 1304 332 1345 A
363 1304 583 1360 megnyilt
615 1304 1018 1347 kolozsmonostori
1049 1303 1404 1359 jezsuita-iskola
1434 1303 1646 1346 thezisei:

132 1442 166 1469 15
767 1421 922 1464 Theses
952 1422 1220 1476 theologicae.

296 1526 333 1556 1.
370 1515 424 1556 In
461 1513 754 1556 Sanctissimo
794 1513 1105 1556 Eucharistiae
1143 1513 1436 1555 Sacramento
1475 1524 1633 1553 verum
1670 1514 1714 1552 et
1753 1509 1868 1552 reale

180 1584 344 1629 Christi
362 1598 524 1639 corpus
542 1588 588 1626 et
606 1583 871 1639 sanguinem
890 1598 994 1626 vere
1012 1588 1057 1625 et
1075 1583 1255 1625 realiter
1272 1581 1506 1631 contineri,
1526 1595 1630 1624 cum
1648 1580 1870 1623 catholica

180 1655 365 1699 ecclesia
394 1654 647 1697 asserimus.
682 1655 782 1697 Hoc
812 1654 932 1696 enim
963 1654 1167 1696 Christus
1197 1653 1352 1696 docuit
1382 1658 1428 1695 et
1458 1666 1562 1694 cum
1592 1651 1639 1693 in
1669 1656 1871 1693 extrema

181 1740 321 1770 coena
351 1727 435 1768 hoc
467 1730 803 1767 sacramentum
834 1724 1050 1774 instituit,
1098 1730 1150 1766 ut
1182 1725 1406 1773 Matheus,
1443 1724 1620 1765 Marcus
1651 1726 1696 1763 et
1728 1722 1872 1763 Lucas

131 1798 381 1841 20referunt
407 1801 453 1839 et
480 1796 648 1838 Paulus
674 1795 734 1838 ad
760 1795 1014 1838 Corinthios
1040 1795 1195 1837 scribit
1227 1799 1272 1836 et
1301 1809 1405 1836 cum
1430 1792 1555 1849 apud
1577 1793 1801 1847 Joannem
1827 1805 1872 1833 se

182 1882 363 1911 carnem
387 1871 433 1909 et
457 1867 722 1922 sanguinem
747 1880 880 1908 suum
904 1865 1121 1909 daturum
1145 1866 1192 1907 in
1216 1865 1368 1907 cibum
1393 1869 1438 1906 et
1463 1867 1626 1919 potum
1650 1860 1870 1918 promisit,

182 1939 261 1981 ubi
288 1943 333 1981 et
361 1938 416 1980 de
445 1937 757 1980 Eucharistiae
785 1942 1069 1979 sacramento
1097 1941 1142 1978 et
1170 1935 1292 1985 reali,
1321 1949 1413 1977 non
1440 1933 1664 1990 spirituali
1691 1937 1874 1974 tantum

183 2024 263 2066 per
284 2009 421 2052 fidem
444 2009 516 2051 vel
539 2008 811 2051 charitatem
838 2007 1191 2050 manducatione
1215 2006 1444 2049 Christum
1467 2004 1591 2061 loqui
1614 2003 1874 2046 existiman-

184 2080 294 2122 dum
329 2084 409 2122 est.

134 2166 172 2195 25
300 2163 339 2193 2.
375 2150 545 2192 Existit
578 2149 718 2205 igitur
751 2149 954 2192 Christus
989 2162 1092 2191 vere
1126 2148 1172 2190 in
1205 2149 1290 2190 hoc
1324 2147 1629 2193 Sacramento,
1666 2141 1875 2199 quamvis

185 2235 277 2264 non
306 2236 358 2263 eo
388 2221 538 2270 modo,
571 2235 661 2276 quo
693 2220 764 2262 vel
794 2220 913 2262 inter
941 2219 1146 2261 homines
1176 2217 1543 2264 conversabatur,
1576 2214 1648 2256 vel
1678 2226 1797 2254 nunc
1826 2212 1874 2252 in

186 2292 319 2334 coelis
352 2296 524 2347 regnat,
560 2305 722 2346 nempe
755 2304 847 2332 non
880 2304 1004 2332 more
1037 2288 1249 2344 corporis,
1279 2287 1358 2329 sed
1379 2286 1575 2341 spiritus,
1600 2297 1738 2340 quare
1772 2283 1875 2324 licet

186 2377 345 2405 verum
372 2376 534 2417 corpus
561 2361 633 2411 sit,
681 2375 772 2404 non
799 2366 955 2403 tamen
983 2361 1132 2402 locum
1159 2362 1352 2413 occupat
1379 2362 1424 2399 et
1453 2360 1578 2398 totus
1605 2358 1673 2396 est
1701 2353 1747 2394 in
1775 2357 1874 2394 toto

187 2438 233 2476 et
266 2438 393 2475 totus
425 2433 472 2474 in
505 2432 709 2489 qualibet
744 2437 886 2488 parte.

138 2520 177 2547 30
303 2517 342 2557 3.
384 2503 517 2560 Quod
560 2517 667 2546 vero
711 2507 818 2545 ante
862 2501 1246 2545 consecrationem
1290 2498 1419 2554 panis
1471 2500 1567 2538 erat
1611 2499 1657 2537 et
1702 2493 1874 2541 vinum,

189 2574 344 2617 divina
364 2574 526 2616 deinde
546 2574 718 2616 virtute
738 2573 785 2615 in
805 2588 960 2616 veram
977 2571 1141 2615 Christi
1161 2583 1341 2612 carnem
1363 2572 1408 2610 et
1430 2580 1589 2610 verum
1613 2564 1877 2620 sanguinem

189 2645 255 2687 ita
283 2645 761 2693 transsubstantiatur,
785 2649 837 2686 ut
859 2644 954 2686 sola
976 2642 1105 2698 panis
1126 2645 1171 2682 et
1194 2639 1288 2682 vini
1315 2637 1569 2681 accidentia
1596 2639 1877 2683 remaneant,

190 2730 303 2772 quas
327 2715 496 2772 species
520 2729 681 2758 vocare
705 2715 913 2763 solemus,
940 2714 1025 2756 sub
1049 2712 1213 2768 quibus
1237 2710 1441 2752 Christus
1464 2707 1600 2750 modo
1624 2706 1716 2749 iam
1739 2704 1879 2760 expli-

191 2791 294 2829 cato
331 2786 603 2829 continetur.

141 2895 181 2922 ³5
776 2882 930 2923 Theses
962 2877 1297 2935 philosophicae.

311 2989 349 3018 1.
377 2977 560 3018 Praeter
583 2990 771 3032 corpora
795 2980 840 3018 et
865 2989 931 3023 ea,
958 2986 1074 3029 quae
1093 2970 1295 3013 sensibus
1318 2968 1630 3017 subiiciuntur,
1649 2964 1880 3007 divitiores

196 3050 240 3087 et
265 3047 616 3101 praestantiores
641 3046 868 3103 quaedam
890 3042 1172 3087 substantiae
1191 3040 1409 3090 existunt,
1425 3038 1570 3081 omnis
1595 3034 1809 3078 materiae
1835 3038 1880 3075 et

192 3129 434 3171 ⁴corporeae
464 3117 760 3159 concretionis
791 3119 1010 3171 expertes.
1046 3109 1372 3166 Intelligentias
1394 3106 1677 3165 peripatetici
1698 3108 1881 3153 vocant,
