2188 3535
339 227 388 270 96
1095 215 1171 251 No.
1206 227 1250 262 33
1693 215 1813 261 [1580
1841 214 1938 249 febr.
1971 225 2016 261 25

197 355 281 380 oecz.
303 361 327 386 7.
341 341 545 398 patribus
594 353 632 394 7.
674 335 931 380 Decembris
982 332 1088 374 anni
1127 343 1238 388 1579
1275 346 1331 374 ex
1382 333 1503 376 Urbe
1550 332 1802 374 discessisse
1851 337 1897 374 et
1948 345 2016 375 20.

182 425 264 452 Febr.
286 432 328 450 20.
342 410 570 454 Februarii
597 408 701 450 anni
730 407 839 459 1580
866 403 1208 458 Claudiopolim,
1236 403 1394 445 urbem
1420 403 1775 458 Transylvaniae
1800 403 2020 458 ingressos

340 496 445 524 esse.
487 476 887 522 Incommoditates
924 473 1095 515 itineris
1133 473 1204 516 hic
1241 487 1332 515 non
1367 487 1588 516 recenseo.
1626 473 1742 515 Fieri
1773 473 1893 515 enim
1929 487 2020 516 non

340 555 501 606 potest,
536 553 586 589 ut
620 552 714 588 tam
746 545 971 600 prolixum
1004 544 1089 586 iter
1124 543 1218 586 sine
1253 544 1386 586 nullis
1421 543 1637 586 molestiis
1673 548 1831 593 terrae,
1869 544 2021 595 maris,

338 619 587 666 fluminum,
628 615 801 670 frigoris
839 619 884 656 et
922 614 1053 663 nivis,
1094 614 1236 670 possit
1275 615 1445 657 confici.
1487 616 1700 669 Magnam
1737 614 1905 670 ubique
1943 628 2023 670 per
2053 626 2070 654 5

337 689 503 745 oppida
536 692 580 728 et
614 700 753 742 pagos
788 684 1012 740 Ungariae
1046 690 1091 727 et
1125 685 1480 741 Transylvaniae
1514 684 1791 726 transeundo
1825 684 2022 727 vidimus

337 759 607 813 templorum
649 756 988 804 desolationem,
1033 769 1246 810 magnam
1288 756 1457 811 ubique
1498 755 1544 797 in
1586 755 1754 811 populo
1797 756 2022 811 Ungarico

336 828 509 884 experti
545 841 700 869 sumus
737 826 954 882 antiquae
990 825 1214 881 religionis
1250 825 1387 876 sitim,
1427 826 1505 882 qui
1542 825 1671 868 facile
1709 825 1768 868 ad
1803 826 2023 881 gremium

334 898 543 942 ecclesiae
578 897 825 939 catholicae
860 901 1175 945 reverteretur,
1213 896 1249 938 si
1280 901 1443 947 essent,
1477 897 1556 953 qui
1587 896 1627 938 ei
1658 896 1865 938 veritatis
1899 897 2023 939 viam

336 968 673 1012 annuntiarent.
698 968 844 1010 Multa
865 967 911 1008 in
935 967 1018 1009 has
1045 966 1301 1022 provincias
1331 981 1386 1009 ex
1417 967 1656 1009 seminario
1686 971 1841 1009 nostro
1873 968 2023 1023 Unga-
2037 981 2072 1008 ιο

336 1041 426 1082 rico
448 1043 626 1095 poterat
649 1038 880 1080 dimanare
902 1037 1093 1087 utilitas,
1111 1037 1147 1079 si
1161 1037 1306 1080 hostis
1320 1037 1510 1080 humani
1523 1036 1696 1093 generis
1717 1037 1828 1080 illud
1850 1042 2026 1080 nostra-

338 1112 460 1153 tibus
500 1108 693 1165 Ungaris
741 1122 833 1151 non
882 1107 1130 1151 invidisset.
1189 1108 1329 1163 Regio
1368 1109 1479 1150 haec
1519 1108 1729 1164 quamvis
1768 1113 1926 1164 vergat
1966 1108 2026 1151 ad

336 1186 487 1223 ortum
516 1185 560 1222 et
590 1179 836 1228 meridiem,
867 1180 1159 1222 vehementer
1187 1183 1342 1221 tamen
1371 1178 1534 1234 frigida
1563 1183 1630 1221 est
1660 1184 1845 1235 propter
1873 1179 2025 1221 multi-

337 1251 540 1293 tudinem
572 1250 811 1300 montium,
842 1250 1023 1292 collium
1055 1254 1100 1292 et
1133 1250 1379 1306 sylvarum,
1413 1254 1598 1305 propter
1629 1264 1743 1306 quas
1773 1255 1893 1292 recte
1925 1250 2027 1292 illae

335 1336 499 1364 nomen
551 1322 897 1377 Transylvaniae
944 1320 1209 1376 impositum
1256 1325 1337 1363 est.
1387 1319 1607 1363 Abundat
1656 1320 1772 1370 feris,
1807 1320 2023 1376 frugibus,
2040 1334 2074 1362 15

338 1393 456 1442 vino,
481 1406 613 1434 carne
636 1397 681 1434 et
704 1392 902 1448 piscibus
923 1406 932 1443 ;
956 1396 1135 1434 montes
1157 1391 1262 1433 salis
1283 1392 1422 1433 habet
1444 1405 1453 1442 ;
1479 1392 1505 1434 6
1527 1396 1608 1433 aut
1631 1404 1657 1446 7
1681 1391 1859 1433 fodinas
1880 1391 2027 1434 omnis

339 1464 427 1505 fere
461 1463 661 1519 generis;
698 1477 744 1505 re
777 1463 902 1505 nulla
936 1462 1214 1505 extrinsecus
1247 1462 1375 1504 illata
1408 1462 1593 1517 indiget.
1633 1463 1687 1504 In
1721 1462 1908 1505 civitate
1942 1463 2026 1504 hac

338 1534 619 1590 quadruplex
658 1534 855 1576 maxime
893 1533 1089 1576 haeresis
1127 1537 1386 1589 grassatur:
1428 1533 1704 1582 Lutherana,
1746 1532 2024 1582 Calviniana,

338 1604 579 1647 Trinitaria
605 1609 649 1647 et
676 1604 1100 1660 Anabaptistarum.
1131 1604 1437 1659 Reperiuntur
1462 1603 1596 1645 multi
1621 1603 1707 1646 viri
1732 1608 1778 1645 et
1805 1603 2027 1647 faeminae

339 1688 394 1718 20
431 1680 475 1718 et
514 1688 569 1729 30
606 1690 842 1724 annorum,
883 1675 961 1731 qui
998 1674 1203 1717 nondum
1241 1688 1366 1716 sacro
1404 1674 1682 1730 baptismate
1720 1678 1826 1716 sunt
1865 1673 2023 1716 abluti.
2040 1688 2076 1716 20

339 1746 570 1796 Catholici,
611 1746 689 1803 qui
726 1746 773 1788 in
811 1746 898 1788 fide
937 1745 1129 1801 antiqua
1166 1749 1429 1787 constanter
1466 1749 1822 1801 permanserant,
1863 1758 2029 1800 magna

341 1831 421 1858 nos
462 1817 740 1872 gratitudine
781 1821 1069 1873 exceperunt.
1114 1817 1356 1872 Speramus
1397 1830 1501 1858 cum
1543 1815 1698 1858 divino
1741 1815 1896 1857 favore
1937 1829 2029 1857 non

339 1887 544 1930 inutilem
572 1902 654 1930 nos
682 1888 729 1930 in
756 1889 841 1930 hac
870 1888 980 1930 urbe
1009 1901 1194 1943 operam
1222 1887 1549 1938 coHocatur0s;
1580 1886 1845 1942 praesertim
1873 1886 1910 1928 si
1938 1885 2029 1928 tuis

340 1959 544 2013 precibus
580 1961 676 2002 Deo
712 1964 757 2001 et
794 1959 940 2001 beatis
976 1958 1206 2014 Apostolis
1241 1957 1419 2000 assidue
1455 1957 1671 1999 fuerimus
1707 1956 2025 1999 commendati.

340 2029 461 2084 Opto
503 2034 548 2072 te
589 2034 709 2072 recte
763 2030 925 2072 valere.
979 2029 1115 2071 Illmum
1155 2028 1390 2071 dominum
1440 2027 1746 2071 Guilhelmum
1801 2027 2078 2076 Sirletum,25

339 2100 522 2142 unicum
565 2100 762 2143 nationis
807 2100 1057 2156 Ungaricae
1101 2100 1319 2156 asylum‚1
1362 2099 1607 2155 plurimum
1650 2098 1831 2141 nomine
1874 2103 2030 2141 nostro

340 2171 510 2213 salvere
540 2171 727 2213 iubebis.
762 2172 880 2213 Item
923 2171 1118 2213 salutem
1148 2185 1204 2213 ex
1233 2169 1363 2212 nobis
1392 2169 1563 2212 deferre
1593 2183 1685 2212 non
1713 2168 1911 2225 graveris
1942 2169 2032 2211 R¹¹¹⁰

342 2241 523 2284 domino
550 2242 781 2284 Bcrnardo
822 2242 1110 2291 Bianchetto,
1138 2241 1354 2296 magistro
1381 2254 1585 2282 camerae
1612 2241 1727 2282 Suae
1754 2234 1823 2282 Stis
1856 2239 2031 2282 medico

343 2311 554 2362 eiusdem,
592 2313 670 2369 qui
704 2313 828 2369 apud
862 2317 908 2355 te
942 2312 1203 2369 frequenter
1236 2311 1492 2354 diversatur
1526 2316 1571 2353 et
1606 2310 1790 2353 domino
1825 2309 2032 2353 Michaeli

346 2382 655 2437 Simplicistae.
702 2384 790 2426 Sed
830 2384 919 2426 heu
962 2383 1199 2426 dominum
1241 2382 1467 2425 Marinum
1509 2396 1623 2438 pene
1666 2381 1834 2424 oblitus
1876 2395 1999 2423 eram
2021 2394 2079 2423 :30

345 2452 447 2494 huic
482 2468 660 2510 quoque
695 2454 833 2496 dicito
867 2468 940 2496 me
974 2454 1127 2496 omnia
1161 2453 1308 2495 felicia
1341 2467 1393 2495 ac
1428 2452 1580 2495 fausta
1613 2452 1797 2508 precari.

461 2524 607 2566 Datae
651 2525 945 2581 Claudiopoli,
994 2525 1117 2578 1580.
1165 2534 1233 2578 25.
1280 2523 1525 2566 Februarii.

460 2593 544 2634 Tui
575 2595 912 2638 amantissimus

942 2666 1201 2722 Stephanus
1231 2666 1410 2714 Arator,
1444 2663 1683 2707 Societatis
1713 2663 1824 2718 Jesu
1858 2678 1972 2720 mpr.

431 2813 436 2818 ⁷
476 2767 682 2806 Kic'lczime
702 2781 714 2806 .·
734 2769 955 2820 Magnifico
977 2769 1148 2808 domino
1171 2768 1379 2807 Friderico
1400 2767 1473 2806 N.2
1495 2767 1724 2807 Vaticanae
1747 2766 2081 2805 Bibliothecae35

349 2825 571 2874 praefecto,
605 2828 737 2865 amico
768 2833 912 2868 nostro
945 2829 1201 2868 charissimo.
1236 2828 1410 2867 Romae.

350 2916 539 2958 (Eredeti,
573 2917 792 2961 sajatkezi'i,
827 2920 954 2955 romai
986 2919 1170 2954 vatikani
1203 2918 1406 2964 konyvtar
1440 2918 1591 2963 Regina
1626 2927 1736 2962 2023.
1773 2917 1857 2951 kot.
1895 2927 1954 2951 22.
1990 2917 2034 2961 1.)

480 3010 492 3030 ¹
520 3011 638 3045 Azert
662 3015 797 3047 nevezi
821 3015 899 3060 igy,
925 3019 1027 3050 mert
1052 3015 1075 3049 ὅ
1099 3016 1187 3050 volt
1209 3013 1429 3059 legigazibb
1453 3011 1705 3057 tamogatoja
1727 3023 1751 3046 a
1774 3011 2034 3046 Vatikanban

351 3067 580 3102 Szantonak
609 3069 741 3103 abban
771 3081 794 3104 a
823 3083 929 3118 nagy
959 3072 1248 3118 munkajaban‚
1279 3071 1465 3115 melylyel
1494 3081 1518 3104 a
1546 3069 1673 3104 romai
1704 3069 1915 3114 Collegium
1945 3069 2033 3103 Ger-

350 3125 832 3170 manicam-Hanganeum
868 3141 1033 3176 magyar
1065 3130 1194 3165 reszet
1227 3129 1349 3163 kiilon
1383 3129 1528 3162 akarta
1561 3127 1795 3162 valasztani.

476 3182 490 3203 ²
520 3183 554 3216 A
588 3183 847 3228 konyvtaros,
882 3187 1001 3222 kinek
1036 3189 1157 3223 nevet
1191 3187 1239 3221 N.
1276 3186 1440 3221 betiivel
1473 3186 1626 3231 jelezte,
1663 3185 1899 3231 Raynaldus
1933 3185 2082 3219 volt.4o
