2188 3535
124 211 216 254 1581
251 217 340 252 aug.
379 209 441 251 18]
902 205 977 240 No.
1015 216 1059 251 57
1757 210 1828 243 149

131 339 290 368 verum
321 325 599 381 gratissimas
621 330 665 367 et
689 324 1091 379 expectatissimas.
1129 325 1224 378 Ego
1257 337 1363 365 vero
1390 326 1434 364 et
1456 319 1619 362 ultima
1639 321 1828 362 Decem—

131 396 222 438 bris
258 396 364 438 anni
400 396 633 452 praeteriti
676 395 941 451 scripseram
979 397 1033 437 R.
1074 396 1121 437 P.
1148 394 1362 443 Vicari0‚2
1398 397 1443 435 et
1479 392 1564 433 hoc
1601 404 1720 432 anno
1757 389 1825 431 28.

132 467 363 509 Februarii
386 467 541 523 scripsi
563 480 717 508 rursus
742 468 796 508 R.
823 467 871 508 P.
897 467 1020 508 Tuae
1044 470 1088 507 et
1112 465 1264 507 literas
1296 463 1604 506 consultorum
1625 474 1830 504 meorum

131 552 223 580 una
262 537 375 580 misi.
420 538 594 581 Deinde
634 551 787 580 rursus
830 550 895 580 12.
947 536 1111 592 Aprilis
1152 540 1196 577 et
1238 540 1341 591 post
1382 538 1575 577 mortem
1616 530 1831 588 principis

84 625 102 652 5
132 608 287 658 nostri,
328 614 630 665 posteaquam
669 609 716 650 in
755 608 991 650 civitatem
1030 606 1441 662 commigravimus,
1484 603 1639 659 scripsi
1676 615 1831 645 rursus

131 679 402 722 nominatim
434 682 488 722 R.
526 681 651 722 Vraes
695 685 739 721 et
773 681 826 721 R.
862 680 910 721 P.
958 679 1187 721 Hoffaeo4
1235 691 1286 720 ac
1318 679 1365 719 P.
1400 676 1562 731 Magio,
1596 687 1635 717 2.
1670 673 1831 729 Junii.⁵

264 752 332 793 De
364 752 418 794 R.
461 752 550 793 Vrae
592 751 639 792 in
683 755 890 793 nostrum
922 749 1195 805 superiorem
1227 748 1456 796 electione,
1504 746 1686 788 domino
1718 746 1829 792 Deo,

131 821 209 877 qui
235 821 329 863 eius
355 823 511 878 procul
539 822 679 864 dubio
707 822 872 864 author
899 821 1000 870 fuit,
1030 820 1204 876 agimus
1231 819 1398 874 gratias
1418 832 1427 868 ;
1456 832 1537 860 nec
1568 816 1832 859 dubitamus

131 892 325 935 eundem
366 895 420 936 R.
462 894 589 936 Tuae
630 893 747 935 vires
787 892 967 934 abunde
1008 891 1433 947 suppeditaturum:
1476 893 1528 930 ut
1559 889 1643 930 hoc
1679 886 1832 929 officio

84 979 119 1007 10
131 963 215 1005 n'te
243 964 544 1020 perfungatur
571 964 632 1006 ad
659 964 799 1020 ipsius
827 963 1015 1019 gloriam
1040 968 1084 1004 et
1114 961 1369 1004 animarum
1391 960 1610 1001 salutem:
1641 958 1689 1000 id
1709 956 1834 1013 quod

130 1034 295 1076 nostris
316 1035 469 1085 etiam,
493 1035 599 1078 licet
628 1034 835 1090 indignis,
860 1034 1067 1090 precibus
1089 1034 1147 1075 ab
1168 1033 1265 1088 ipso
1287 1032 1529 1086 impetrare
1551 1029 1829 1071 conabimur.

263 1106 522 1149 Consolatio
563 1120 672 1149 vero
712 1111 757 1148 et
798 1105 1055 1147 exhortatio
1097 1106 1150 1146 R.
1195 1105 1242 1145 P.
1285 1103 1408 1144 Tuae
1448 1101 1535 1142 fuit
1575 1099 1687 1142 mihi
1726 1112 1833 1140 sane

130 1177 388 1231 gratissima
416 1183 555 1234 atque
584 1177 923 1225 iucundissima,
955 1176 1034 1218 sed
1063 1175 1169 1231 quia
1199 1174 1257 1216 ab
1286 1187 1339 1215 ea
1367 1171 1644 1228 perfectione
1678 1171 1833 1225 (quam

131 1261 158 1290 a
183 1262 255 1290 me
290 1253 334 1290 et
362 1248 542 1291 vocatio
577 1262 692 1298 mea,
733 1252 778 1289 et
814 1247 1019 1289 officium
1050 1247 1149 1295 hoc,
1183 1243 1306 1300 quod
1332 1243 1546 1291 sustineo,
1576 1246 1621 1283 et
1650 1243 1703 1283 R.
1735 1240 1834 1281 Tua

85 1332 119 1360 15
132 1319 333 1375 requirit)
382 1320 543 1362 absum
598 1318 853 1374 longissime
870 1332 880 1368 ;
940 1317 1110 1359 idcirco
1156 1321 1201 1358 et
1247 1317 1300 1358 R.
1347 1316 1485 1363 Tuae,
1544 1317 1589 1355 et
1646 1311 1836 1354 aliorum

132 1390 339 1444 precibus
383 1390 589 1432 adiuvari
634 1389 883 1431 humillime
927 1393 1047 1444 peto.
1096 1386 1321 1443 Equidem
1367 1385 1489 1427 dabo
1537 1397 1735 1439 operam,
1782 1385 1834 1422 ut

132 1460 383 1503 admonitio
407 1465 602 1516 paterna
628 1462 680 1502 R.
708 1461 832 1502 Tuae
856 1473 912 1501 ne
936 1459 1105 1500 frustra
1129 1458 1313 1500 omnino
1339 1457 1462 1498 facta
1486 1469 1580 1497 esse
1605 1453 1830 1497 videatur.

264 1533 331 1574 De
369 1545 576 1573 successu
613 1531 747 1573 huius
785 1530 956 1585 collegii
994 1530 1055 1571 sic
1093 1530 1263 1571 habeat
1304 1530 1357 1570 R.
1400 1528 1447 1569 P.
1487 1527 1599 1568 Tua.

269 1603 377 1644 Post
411 1607 605 1644 mortem
633 1602 846 1657 principis
867 1601 1023 1650 nostri,
1060 1615 1175 1656 quae
1209 1599 1368 1642 incidit
1402 1598 1448 1639 in
1483 1610 1549 1652 27.
1587 1595 1708 1645 Maii,
1744 1608 1835 1636 non
1849 1605 1918 1636 maj·
1944 1611 1988 1635 27·

89 1685 124 1712 20
137 1673 377 1716 defuerunt
424 1673 554 1715 nobis
600 1673 776 1715 timoris
822 1672 1107 1714 occasiones:
1156 1686 1212 1713 ne
1260 1672 1317 1713 ab
1365 1668 1633 1712 adversariis
1666 1665 1838 1722 aliquid

137 1744 460 1795 innovaretur;
494 1759 652 1787 verum
684 1759 736 1786 ea
768 1744 854 1786 fuit
887 1744 1067 1785 divinae
1099 1742 1215 1784 circa
1246 1755 1327 1784 nos
1358 1739 1672 1796 providentiae
1704 1737 1835 1785 ratiO,

138 1815 262 1871 quod
294 1815 404 1857 nihil
437 1815 567 1857 nobis
601 1815 779 1858 molesti
814 1814 991 1857 accidit.
1030 1814 1298 1869 Scripsimus
1331 1812 1448 1854 illico
1483 1812 1636 1853 literas
1672 1808 1839 1863 Regiae

138 1881 208 1929 Mti
239 1886 285 1928 in
318 1886 565 1936 Poloniam,
613 1886 690 1942 qui
726 1886 836 1928 nihil
868 1890 1110 1928 cunctatus
1141 1885 1296 1927 literas
1327 1882 1678 1926 humanissimas
1710 1879 1840 1921 nobis

139 1957 275 2007 misit,
299 1958 464 2014 quibus
497 1972 578 1999 nos
598 1958 718 1999 bono
740 1957 892 2000 animo
913 1971 1007 1999 esse
1027 1956 1156 1998 iussit
1178 1960 1224 1998 et
1245 1955 1415 2011 prolixe
1437 1953 1591 1996 omnia
1611 1951 1839 2008 pollicitus

87 2038 124 2066 25
138 2030 242 2078 est,⁶
267 2043 383 2084 quae
409 2029 549 2071 etiam
574 2042 740 2084 magna
764 2028 856 2070 iam
882 2042 937 2070 ex
962 2033 1091 2084 parte
1118 2026 1361 2083 praestitit.
1391 2027 1511 2068 Nam
1536 2029 1581 2066 et
1608 2021 1838 2065 fundatio-

137 2114 241 2142 nem
264 2114 433 2142 novam
457 2099 629 2155 collegii
654 2099 774 2149 fecit,
801 2104 985 2142 auctam
1008 2099 1154 2141 tribus
1178 2097 1305 2154 pagis
1329 2102 1374 2139 et
1399 2097 1458 2139 ad
1481 2096 1579 2138 illas
1604 2097 1839 2137 Romanas

137 2171 468 2221 annotationes,
504 2175 754 2213 correctam
799 2184 989 2226 eamque
1031 2184 1110 2225 per
1155 2183 1288 2211 suum
1334 2166 1688 2210 cancellarium⁷
1734 2163 1838 2204 inde

138 2256 193 2284 ex
223 2242 412 2285 Polonia
440 2242 499 2284 ad
526 2256 609 2284 nos
637 2241 759 2283 misit
781 2255 790 2291 ;
821 2241 931 2297 quin
959 2241 1098 2283 etiam
1125 2240 1271 2282 eidem
1300 2237 1563 2281 cancellario
1592 2234 1836 2291 praecepit,

137 2318 188 2355 ut
229 2313 479 2368 legitimam
522 2312 849 2369 possessionem
890 2313 1053 2354 horum
1096 2325 1315 2367 pagorum
1357 2310 1403 2351 in
1445 2309 1539 2350 eius
1581 2304 1838 2362 praesentia

88 2398 124 2426 30
140 2384 454 2439 (statutionem
494 2384 566 2426 hic
608 2386 790 2437 vocant)
836 2383 965 2425 nobis
1008 2383 1254 2424 traderent.
1321 2381 1380 2422 Et
1422 2379 1514 2421 iam
1555 2376 1839 2433 privilegium

137 2456 222 2497 hoc
249 2469 326 2497 seu
353 2455 507 2497 literas
535 2454 815 2497 fundationis
843 2453 1055 2503 vidimus,
1085 2466 1333 2507 earumque
1361 2450 1620 2505 exemplum
1648 2448 1838 2489 authen-

138 2525 281 2569 ticum
309 2526 454 2582 primo
485 2539 665 2582 quoque
694 2530 897 2580 ternpore
926 2524 1114 2567 mittam
1144 2525 1198 2566 R.
1232 2524 1280 2565 P.
1312 2523 1448 2564 Tuae.
1483 2520 1669 2563 Scholae
1698 2518 1839 2560 etiam

138 2602 318 2639 nostrae
349 2602 394 2640 et
426 2597 665 2639 conciones
709 2600 808 2638 toto
839 2596 923 2637 hoc
967 2600 1170 2650 tempore
1201 2607 1334 2635 suum
1365 2606 1546 2634 cursum
1576 2594 1836 2637 tenuerunt,

139 2667 229 2710 imo
270 2673 315 2710 et
356 2668 563 2724 discipuli
605 2667 777 2709 nobiles
819 2666 1040 2708 accedunt
1072 2664 1324 2720 complures
1363 2663 1410 2704 in
1451 2663 1568 2713 dies;
1611 2659 1839 2703 nonnullis

93 2743 295 2781 35tamen
330 2739 470 2782 etiam
504 2738 735 2781 interdum
770 2737 1095 2779 recedentibus.
1135 2735 1289 2777 Nostri
1325 2734 1401 2790 qui
1437 2738 1543 2776 sunt
1579 2733 1735 2781 Albae,
1772 2731 1840 2772 ita

142 2808 324 2852 iubente
370 2824 485 2866 rege,
535 2824 590 2852 ex
638 2808 851 2865 principis
898 2811 1189 2856 testamento,
1239 2806 1354 2848 sicut
1402 2805 1538 2861 prius,
1588 2802 1838 2859 principem

143 2880 423 2931 modernum,
453 2895 644 2937 puerum
666 2893 691 2936 9
714 2879 889 2922 circiter
914 2892 1135 2921 annorum
1164 2877 1311 2919 adhuc
1339 2876 1551 2919 erudiunt
1579 2880 1624 2917 et
1653 2874 1839 2930 quidem

271 3003 284 3023 ²
313 3003 356 3037 P.
385 3004 622 3038 Manaraeus
651 3003 797 3037 Oliver.

271 3060 285 3079 ³
312 3059 384 3094 Ld.
411 3061 612 3095 koteti'mk
637 3069 698 3103 47.
727 3060 767 3094 es
796 3068 855 3103 51.
882 3069 935 3093 ΞΖ.
964 3070 998 3093 a.
1027 3058 1086 3092 De
1113 3068 1137 3091 a
1161 3057 1233 3091 ket
1256 3057 1388 3091 elobbi
1413 3057 1650 3091 ismeretlen.

97 3127 133 3153 40
273 3119 287 3138 ⁴
314 3119 357 3153 P.
388 3120 580 3154 Hoffaeus
609 3120 681 3154 Pal
708 3118 966 3165 jezsuita-iro.
1050 3117 1064 3139 ⁵
1092 3117 1200 3152 Ezek
1227 3117 1433 3152 sincsenek
1467 3128 1567 3162 meg.

275 3180 288 3200 ⁶
318 3180 520 3214 Kozoltt'ik
556 3181 757 3214 kotetfink
786 3188 843 3224 53.
870 3190 922 3214 sz.
951 3190 985 3214 a.
1070 3179 1083 3199 ⁷
1112 3178 1351 3223 Berzeviczy
1375 3178 1548 3212 Marton.
