2188 3535
380 180 454 212 270
1145 160 1207 194 No
1251 160 1296 193 88
1694 158 1810 205 [1583
1843 157 1986 192 marez.
2025 167 2067 205 15

380 287 565 329 modum
598 283 786 326 eandem
818 293 919 321 cum
952 276 1181 320 veteribus
1212 275 1416 332 sequitur
1446 275 1596 325 fidem,
1630 275 1695 318 ita
1726 274 1907 318 eosdem
1938 274 2066 326 ritus,

383 356 629 409 eademque
651 366 752 394 cum
775 349 859 390 illis
882 348 997 390 festa
1019 347 1241 389 observet.
1266 348 1327 388 At
1351 347 1579 402 quomodo
1601 345 1754 388 unitas
1774 346 1885 388 haec
1907 344 1953 387 in
1974 344 2069 387 riti-

380 427 464 468 bus
485 429 528 466 et
551 421 674 464 festis
695 417 970 462 celebrandis
990 421 1258 466 servaretur,
1277 416 1312 459 si
1328 417 1553 472 quaedam
1574 415 1691 458 festa
1710 414 1968 471 provinciae
1988 430 2069 458 nos

380 496 448 536 hic
488 496 815 546 abrogaremus,
857 500 972 543 quae
1010 486 1056 528 in
1095 486 1193 529 aliis
1232 486 1496 530 civitatibus
1536 485 1761 542 Ungariae
1789 490 1834 528 et
1859 486 2070 542 Transyl-

378 562 535 605 vaniae
571 559 737 616 passim
769 559 1152 600 observarentur?
1189 557 1367 600 nemine
1409 557 1503 600 iure
1537 558 1751 600 authores
1785 556 2071 599 dissensionis
2103 571 2122 600 5

377 630 716 675 accusaremur?

490 714 529 757 9.
568 700 697 756 Quia,
730 698 766 741 si
794 697 1032 755 episcopus
1058 697 1104 740 in
1131 697 1460 754 Transylvania
1481 697 1729 740 catholicus
1750 696 2069 749 constituatur,

375 772 445 814 ille
481 768 657 813 curabit
694 768 849 825 procul
885 768 1023 810 dubio
1059 768 1177 812 festa
1204 768 1429 825 Ungariae
1464 768 1511 810 in
1545 768 1756 811 omnibus
1789 768 1978 811 urbibus
2013 770 2070 812 ab

375 841 587 884 omnibus
630 838 863 882 catholicis
907 839 1216 882 sacerdotibus
1260 844 1304 882 et
1349 839 1563 895 religiosis
1607 838 1864 881 observari:
1911 838 2071 882 melius

375 912 509 967 igitur
530 915 599 953 est
623 924 741 952 nunc
769 909 964 965 incipere
990 909 1066 952 illa
1093 910 1345 959 observare,
1375 924 1514 966 quam
1540 915 1699 965 postea
1725 923 1829 952 cum
1856 909 2071 952 dedecore
2085 924 2121 952 ιο

374 988 417 1024 et
451 981 664 1024 scandalo
698 979 852 1036 populi
884 980 944 1022 ad
975 994 1026 1022 ea
1061 980 1345 1024 observanda
1377 980 1598 1036 compelli.

490 1064 556 1094 10.
580 1050 800 1094 Catholici
821 1051 1077 1093 sacerdotes
1097 1051 1143 1093 in
1164 1065 1267 1093 eum
1288 1051 1424 1093 finem
1446 1050 1696 1093 mittuntur
1716 1049 1834 1094 inter
1854 1049 2068 1101 infideles,

373 1128 423 1165 ut
451 1123 588 1165 fidem
617 1121 887 1165 catholicam
915 1123 1127 1177 plantent
1155 1127 1199 1164 et
1227 1121 1380 1171 ritum,
1410 1121 1688 1164 ceremonias
1715 1125 1760 1164 et
1788 1121 1905 1164 festa
1930 1121 2069 1164 intro-

374 1194 557 1236 ducant.
597 1194 658 1235 At
695 1192 741 1234 in
777 1191 976 1234 medium
1014 1192 1344 1235 haereticorum
1381 1192 1646 1242 mittuntur,
1685 1206 1776 1234 non
1812 1196 1865 1234 ut
1901 1205 2070 1235 novam

374 1264 668 1306 introducant
691 1263 840 1311 fidem,
866 1276 1009 1305 novas
1032 1263 1307 1306 ceremonias
1330 1268 1376 1306 et
1399 1277 1521 1305 nova
1546 1262 1676 1311 festa,
1702 1262 1782 1306 sed
1803 1267 1855 1305 ut
1879 1262 2070 1318 antiqua
2083 1277 2119 1305 15

377 1339 593 1377 tueantur
611 1339 654 1376 et
675 1333 902 1376 observari
921 1338 1175 1389 procurent.
1199 1335 1311 1376 Cum
1330 1333 1468 1389 igitur
1485 1333 1576 1376 iam
1595 1333 1703 1376 olim
1721 1333 1768 1376 in
1785 1333 1871 1377 hac
1888 1333 2070 1390 provin-

376 1405 443 1447 cia
466 1404 601 1447 fuerit
624 1404 733 1447 fides
755 1404 977 1447 catholica
998 1405 1209 1460 plantata
1230 1410 1276 1447 et
1299 1404 1415 1447 festa
1436 1404 1713 1454 introducta,
1737 1418 1828 1447 non
1850 1408 1918 1446 est
1939 1403 2069 1446 nobis

376 1475 689 1524 laborandum,
713 1480 764 1516 ut
787 1489 907 1517 nova
929 1474 1046 1518 festa
1067 1475 1348 1525 inducamus,
1374 1476 1453 1518 sed
1474 1480 1525 1518 ut
1549 1477 1841 1518 observemus
1863 1474 2066 1531 antiqua.

378 1546 444 1588 Ne
467 1546 581 1588 sicut
605 1560 685 1588 nos
701 1545 953 1588 novitatem
971 1546 1202 1589 doctrinae
1219 1551 1263 1588 et
1280 1545 1636 1589 ceremoniarum
1658 1545 1895 1589 haereticis
1917 1545 2068 1588 obiici-

375 1630 503 1658 mus:
535 1616 601 1658 ita
628 1616 711 1672 ipsi
740 1616 869 1658 nobis
897 1616 1054 1659 eadem
1083 1616 1258 1673 possint
1287 1617 1489 1660 obiicere.
2082 1631 2119 1659 20

509 1699 574 1729 11.
609 1687 720 1729 Cum
751 1688 957 1744 exempla
988 1692 1248 1730 sanctorum
1279 1702 1491 1744 magnam
1523 1687 1616 1731 vim
1649 1689 1849 1731 habeant
1880 1687 1940 1730 ad
1969 1701 2066 1743 per-

377 1758 623 1800 movendos
641 1757 814 1800 animos
831 1758 1068 1801 hominum
1087 1759 1147 1801 ad
1164 1773 1301 1815 opera
1319 1759 1503 1815 pietatis
1525 1773 1532 1801 :
1554 1759 1751 1803 maxime
1769 1759 1816 1801 id
1833 1762 2068 1815 praestant

377 1828 520 1870 sancti
565 1828 762 1870 eiusdem
806 1829 1003 1871 nationis
1047 1834 1091 1871 et
1136 1829 1316 1886 patroni
1360 1829 1696 1886 provinciarum
1718 1844 1725 1872 :
1772 1829 1889 1873 festa
1931 1828 2070 1884 igitur

375 1913 529 1941 eorum
565 1898 763 1941 studiose
798 1905 903 1941 sunt
939 1900 1126 1943 colenda
1160 1905 1205 1943 et
1240 1900 1537 1943 observanda.

508 1971 570 2011 At
596 1969 712 2012 dicet
738 1969 992 2026 quisquam,
1020 1971 1055 2013 si
1080 1971 1232 2014 omnia
1257 1971 1373 2014 festa
1397 1972 1622 2027 Ungariae
1646 1971 1750 2014 huic
1775 1971 1942 2028 populo
1966 1984 2066 2026 pro·
2081 1985 2117 2013 25

380 2046 653 2095 ponerentur
675 2040 720 2082 in
744 2041 892 2083 medio
915 2041 1258 2091 haereticorum,
1284 2041 1416 2085 multi
1441 2056 1531 2084 non
1555 2047 1786 2086 servarent
1810 2047 1855 2085 et
1879 2041 1944 2084 ita
1967 2055 2067 2097 pec-

377 2115 529 2152 carent
570 2111 834 2161 mortaliter,
876 2112 999 2168 quod
1037 2112 1170 2155 nimis
1209 2113 1373 2155 durum
1414 2112 1595 2156 videtur
1633 2128 1739 2156 esse.
1782 2112 2065 2169 Respondeo,

376 2181 498 2236 quod
527 2180 563 2222 si
595 2181 711 2223 ratio
740 2182 850 2225 haec
881 2182 1053 2239 aliquid
1083 2184 1383 2232 concluderet,
1411 2189 1684 2240 sequeretur,
1705 2184 1829 2241 quod
1845 2197 1925 2226 nec
1943 2196 2068 2239 prae-

381 2255 512 2307 cepta
543 2252 639 2301 Dei,
673 2267 753 2294 nec
784 2258 1026 2309 praecepta
1057 2254 1266 2297 ecclesiae
1297 2254 1381 2297 illis
1411 2260 1559 2298 essent
1590 2255 1911 2312 proponenda:
1953 2252 2069 2310 Quia

380 2326 422 2363 et
445 2321 532 2364 ista
553 2323 685 2364 multi
708 2324 1094 2380 transgredientur
1114 2330 1159 2367 et
1181 2326 1434 2381 peccabunt
1457 2326 1686 2369 mortifere
1707 2340 1715 2376 ;
1740 2340 1843 2381 ergo
1865 2324 2069 2381 sequitur
2081 2339 2116 2366 30

379 2392 551 2441 deinde,
579 2393 614 2434 si
640 2393 801 2450 aliquis
825 2395 967 2450 legem
993 2396 1363 2452 transgrediatur,
1391 2411 1481 2438 non
1507 2397 1544 2439 is
1569 2401 1636 2439 est
1662 2410 1810 2447 causa,
1830 2395 1907 2452 qui
1924 2396 2067 2451 legem

380 2465 616 2518 antiquam
641 2465 912 2521 promulgat,
939 2466 1017 2508 sed
1040 2467 1189 2516 homo,
1217 2467 1293 2523 qui
1319 2481 1398 2523 per
1421 2468 1588 2510 malam
1613 2468 1898 2510 voluntatem
1923 2471 2068 2509 trans-

374 2532 574 2586 greditur
604 2534 760 2590 legem.

509 2603 638 2645 Dicet
665 2605 777 2648 alius
798 2620 804 2648 :
834 2606 962 2663 atqui
987 2607 1130 2650 satius
1155 2613 1270 2650 esset
1296 2609 1432 2651 fidem
1457 2609 1581 2664 prius
1606 2609 1812 2665 plantare
1837 2612 1882 2650 et
1907 2611 2067 2663 postea

380 2671 542 2714 sensim
577 2673 691 2717 festa
724 2675 1019 2727 introducere,
1055 2692 1111 2720 ne
1144 2679 1203 2721 ob
1236 2679 1577 2722 multitudinem
1612 2679 1829 2722 festorum
1862 2677 2114 2720 homines35

381 2755 406 2782 a
442 2742 528 2783 fide
564 2743 874 2790 alienarentur.
915 2749 1183 2804 Respondeo
1219 2763 1300 2792 nos
1334 2749 1406 2792 hic
1442 2765 1532 2792 non
1567 2764 1662 2792 esse
1696 2749 1815 2791 inter
1848 2748 2062 2797 infideles,

379 2811 455 2866 qui
485 2812 619 2855 fidem
650 2817 917 2860 catholicam
947 2818 1167 2875 ignorent,
1199 2821 1278 2862 sed
1306 2819 1425 2862 inter
1452 2820 1700 2863 haereticos
1729 2824 1774 2862 et
1804 2818 2050 2862 catholicos

377 2881 454 2936 qui
483 2882 653 2937 optime
680 2884 949 2942 intelligunt,
980 2904 1096 2945 quae
1123 2890 1181 2932 sit
1209 2891 1320 2932 fides
1347 2891 1570 2933 catholica
1597 2895 1641 2933 et
1670 2903 1786 2946 quae
1813 2889 1920 2932 olim
1949 2889 2065 2932 festa

377 2950 542 2993 fuerint
575 2954 799 2998 celebrata
830 2971 856 3000 a
887 2960 1146 3002 catholicis:
1197 2960 1497 3004 laborandum
1528 2975 1631 3017 ergo
1662 2965 1744 3010 est,
1776 2964 1829 3002 ut
1859 2961 2064 3003 haereses

372 3021 663 3065 confutentur
704 3032 746 3067 ct
794 3029 1008 3084 antiquae
1040 3031 1331 3081 ceremoniae,
1370 3033 1484 3075 ritus
1521 3037 1564 3075 et
1598 3034 1714 3076 festa
1745 3032 2056 3075 observentur.
2075 3057 2112 3087 40

372 3091 545 3135 Deinde
579 3093 615 3135 si
655 3095 818 3139 sensim
861 3097 974 3142 festa
1005 3100 1405 3151 introduceremus,
1436 3101 1693 3145 videremur
1720 3100 1906 3158 singulis
1932 3100 2062 3144 annis
