2188 3535
371 211 419 238 22
1139 198 1213 232 No.
1252 209 1291 232 11
1712 198 1826 243 [1575
1861 197 1983 242 ΕΖθΡῒ-
2020 206 2070 243 30

371 317 416 360 in
446 316 823 372 Transylvaniam
855 315 974 369 (cum
1002 313 1283 369 superiorum
1312 329 1515 358 meorum
1542 328 1762 358 consensu
1790 317 1835 356 et
1863 312 2059 367 licentia)

375 388 671 435 introducere,
707 385 879 440 aliquot
913 397 936 425 e
969 384 1177 439 patribus
1209 385 1352 427 nostri
1384 385 1565 435 ordinis,
1620 385 1698 441 qui
1731 384 1950 440 populum
1983 383 2067 426 tibi

374 458 628 500 subiectum
674 456 734 497 ad
778 454 916 496 fidem
963 453 1235 497 catholicam
1281 460 1545 498 revocarent
1595 460 1642 498 et
1689 455 1976 497 iuventutem
2022 454 2068 496 in

374 526 571 570 scientiis
604 530 648 567 et
682 523 856 566 artibus
888 524 1150 567 liberalibus
1182 525 1338 568 sedulo
1370 525 1694 575 instituerent;
1734 524 1938 567 nondum
1970 524 2068 567 voti

374 610 558 652 compos
593 594 688 636 fieri
724 593 966 649 potuerim.
1007 594 1211 638 Primum
1249 596 1368 638 enirn
1402 596 1654 652 superiores
1690 599 1869 638 nostros
1905 609 1932 637 a
1968 609 2070 651 pro·
2100 610 2119 638 5

376 667 523 723 posito
552 679 643 706 non
672 677 834 719 pamm
863 665 1192 715 remorabatur,
1225 666 1549 716 ministrorum,
1581 666 1659 722 qui
1688 665 1792 708 huic
1823 670 1904 707 tuo
1932 679 2069 721 regno

375 734 522 778 idonei
563 734 724 783 forent,
766 733 920 789 inopia
937 747 947 784 ;
990 735 1151 778 deinde
1192 736 1300 778 anni
1339 736 1492 779 iubilei
1531 736 1789 792 insperatus
1829 735 2066 791 ingressus,

373 820 463 862 quo
494 805 542 846 in
575 805 734 847 urbem
769 805 1009 855 avocabar,
1041 805 1367 862 profectionem
1401 806 1807 863 Transylvanicam
1842 805 1987 861 coegit
2022 805 2069 848 in

373 875 497 918 aliud
527 875 809 917 commodius
840 880 1022 932 tempus
1057 875 1249 919 reiicere.
1288 878 1388 920 Hoc
1422 892 1542 920 anno
1577 877 1767 920 tandem
1804 887 1928 931 1575.
1965 890 2070 919 cum

374 947 464 989 iam
481 946 662 988 sublata
680 945 833 988 omnia
853 946 1182 1002 impedimenta
1201 947 1476 997 viderentur,
1499 948 1670 990 bellum
1690 951 1870 1003 praeter
1888 961 2070 989 omnem
2087 963 2122 989 ιο
2182 947 2188 949 ’

373 1016 738 1072 expectationem
774 1017 1082 1067 exardescens,
1121 1017 1208 1060 iter
1241 1018 1372 1061 nobis
1407 1018 1453 1060 in
1487 1016 1868 1073 Transylvaniam
1905 1031 2071 1073 magno

372 1091 527 1130 nostro
543 1101 647 1129 cum
666 1087 816 1129 dolore
832 1088 1087 1143 praeclusit.
1106 1089 1226 1131 Nam
1246 1103 1349 1131 cum
1369 1088 1416 1130 in
1436 1088 1656 1144 principio
1677 1087 1842 1130 mensis
1861 1087 2068 1144 Augusti,

372 1158 495 1200 iussu
511 1159 565 1200 R.
585 1159 632 1200 P.
649 1158 703 1200 N.
719 1158 965 1214 praepositi
983 1159 1225 1208 Generalis,
1243 1173 1347 1202 cum
1362 1158 1662 1201 selectissimis
1677 1158 1849 1214 aliquot
1865 1158 2071 1214 patribus

373 1228 595 1271 Viennam
625 1242 781 1270 versus
811 1227 960 1271 itineri
990 1244 1062 1272 me
1093 1230 1382 1286 accingerem,
1417 1230 1618 1286 nihilque
1667 1228 1862 1285 amplius
1903 1233 2071 1271 restare

373 1299 614 1348 videretur,
633 1312 771 1355 quam
787 1304 839 1341 ut
856 1304 1043 1356 accepta
1061 1300 1373 1343 benedictione
1389 1315 1416 1343 a
1439 1301 1626 1343 Summo
1643 1299 1855 1356 pontifice
1874 1299 1914 1342 ei
1925 1300 2071 1342 Tuam
2088 1313 2124 1341 ιε,

375 1370 508 1412 Illmam
542 1369 913 1413 Dominationem
954 1385 1058 1413 cum
1091 1375 1191 1414 tota
1220 1371 1550 1427 Transylvania
1579 1370 1943 1413 commendarem
1961 1383 1970 1420 ;
2017 1384 2073 1412 en

373 1444 556 1496 repente
587 1454 614 1482 a
644 1441 692 1482 P.
717 1440 960 1483 Laurentio
999 1441 1159 1497 Magio,
1205 1441 1360 1484 literae
1393 1441 1606 1484 maeroris
1643 1446 1688 1484 et
1727 1441 1891 1483 doloris
1915 1441 2074 1496 plenae

375 1525 399 1553 e
430 1510 604 1553 Vienna
640 1511 931 1554 transmissae
968 1516 1088 1561 sunt,
1128 1512 1175 1554 in
1211 1512 1376 1568 quibus
1414 1512 1638 1554 scribebat
1680 1512 1796 1554 bello
1833 1511 1986 1554 omnia
2028 1510 2075 1553 in

375 1580 706 1636 Transylvania
746 1581 934 1631 misceri,
979 1597 1059 1624 nec
1102 1597 1195 1625 esse
1225 1597 1344 1625 nunc
1378 1587 1532 1625 tutum
1562 1596 1641 1638 per
1670 1583 1781 1625 fines
1813 1581 2073 1638 Hungariae

374 1651 631 1694 transitum.
2089 1667 2126 1695 20

494 1723 626 1764 Hanc
658 1722 717 1764 ob
751 1736 936 1765 causam
968 1723 1124 1766 utilius
1152 1723 1246 1766 fore
1261 1723 1411 1766 visum
1433 1728 1501 1766 est
1516 1723 1724 1779 patribus
1740 1722 2075 1779 aliquantulum

379 1792 529 1834 adhuc
544 1796 794 1848 expectare,
811 1793 951 1836 donec
965 1793 1089 1836 furor
1099 1794 1283 1837 bellicus
1299 1794 1631 1850 conquiesceret
1649 1799 1693 1836 et
1709 1794 1903 1836 securior
1917 1793 2073 1836 transi·
2187 1804 2188 1829 ὲ

375 1867 450 1905 tus
463 1877 542 1920 per
558 1863 693 1905 urbes
707 1863 924 1906 finitimas
938 1865 1110 1907 haeresi
1125 1865 1314 1908 iniectas
1329 1865 1632 1907 nunciaretur.
1660 1866 1843 1921 Quanto
1859 1864 1978 1907 enim
1994 1878 2075 1907 nos

378 1933 482 1976 odio
515 1933 730 1976 haeretici
762 1940 1095 1991 prosequantur
1128 1940 1172 1978 et
1202 1940 1428 1992 quantum
1448 1936 1570 1978 vitae
1591 1940 1771 1978 nostrae
1791 1935 2071 1986 insidientur,

376 2005 523 2047 Tuam
544 2004 680 2046 mmm
713 2005 1083 2048 Dominationem
1125 2006 1328 2062 ignorare
1370 2021 1460 2049 non
1494 2006 1699 2049 arbitror.
1737 2006 1825 2049 Sed
1857 2010 1902 2048 et
1932 2005 2124 2048 hostiszs
2184 2038 2188 2064 Ι

377 2074 566 2117 humani
578 2075 764 2131 generis,
776 2075 853 2132 qui
866 2076 995 2119 bonis
1011 2091 1186 2133 semper
1198 2077 1375 2120 actibus
1388 2077 1667 2125 adversatur,
1683 2091 1812 2132 aegre
1825 2077 2074 2119 admodum

378 2146 524 2188 ferens
555 2145 730 2188 animas
763 2147 990 2189 haeretica
1025 2147 1182 2190 fraude
1211 2148 1435 2203 deceptas,
1461 2162 1483 2190 e
1505 2147 1711 2190 faucibus
1732 2147 1816 2189 sibi
1835 2147 1957 2203 eripi,
1982 2146 2076 2189 dies
2181 2066 2188 2220 τ

380 2220 626 2272 noctesque
658 2231 800 2259 novos
832 2218 1085 2273 excogitare
1117 2219 1275 2261 modos
1306 2233 1396 2260 non
1427 2223 1585 2267 cessat,
1633 2218 1797 2274 quibus
1827 2218 2075 2274 ingressum
2180 2222 2185 2291 J

379 2286 509 2328 nobis
524 2286 570 2328 in
585 2287 962 2343 Transylvaniam
978 2288 1262 2331 intercludat.
1279 2290 1447 2331 Verum
1463 2303 1543 2331 nec
1560 2289 1730 2331 diutius
1746 2289 1976 2338 obsistere,
1994 2302 2074 2331 nec
2180 2292 2184 2328 !

381 2357 482 2413 plus
501 2372 660 2400 nocere
680 2358 862 2414 poterit,
885 2373 1024 2415 quam
1045 2359 1180 2402 fuerit
1201 2359 1240 2402 ei
1256 2374 1282 2402 a
1297 2374 1507 2415 supremo
1527 2374 1675 2402 rerum
1696 2359 1900 2402 omnium
1918 2359 2075 2415 opifice
2089 2375 2124 2402 30
2179 2357 2183 2400 Ι

383 2442 658 2477 concessum,
684 2429 793 2484 quin
813 2434 858 2471 et
879 2430 1106 2472 tumultus
1125 2430 1222 2472 illos
1242 2430 1434 2479 bellicos,
1458 2445 1571 2486 quos
1587 2430 1805 2472 excitavit
1821 2430 1867 2472 in
1881 2430 2076 2486 gratiam
2178 2406 2182 2440 Ι

381 2512 566 2541 suorum
613 2499 923 2542 ministrorum
969 2506 1014 2543 et
1060 2505 1240 2543 nostrae
1285 2501 1575 2556 profectionis
1621 2501 1899 2550 dilationem,
1947 2514 2076 2556 spero

383 2568 611 2611 Christum
665 2570 948 2613 Salvatorem
999 2576 1206 2614 nostrum
1255 2571 1397 2626 (cuius
1434 2571 1666 2614 ecclesiam
1704 2571 1820 2614 tueri
1857 2575 1902 2614 et
1938 2571 2076 2614 fidem

386 2653 634 2694 propagare
658 2640 767 2682 totis
790 2641 961 2684 viribus
983 2642 1185 2696 nitimur)
1212 2656 1293 2698 pro
1315 2656 1396 2684 sua
1418 2642 1698 2698 benignitate
1721 2642 1767 2684 in
1789 2641 2075 2684 illustriorem
2174 2639 2178 2649 ’

383 2709 453 2751 sui
475 2710 670 2752 nominis
692 2711 893 2766 gloriam,
916 2713 1209 2768 copiosiorem
1232 2712 1440 2755 ecclesiae
1457 2727 1563 2755 suae
1579 2713 1841 2763 utilitatem,
1866 2712 2076 2755 celebrio-
2089 2729 2124 2756 35
2172 2749 2176 2779 1

381 2793 475 2822 rern
514 2780 637 2822 Tuae
676 2781 795 2822 Illmac
841 2783 1175 2826 Dominationis
1214 2783 1407 2832 laudem,
1458 2783 1701 2825 firmiorem
1751 2783 2075 2826 catholicorum
2170 2783 2175 2878 ξ

382 2864 540 2905 pacem
570 2855 614 2892 et
645 2852 1018 2903 consolationem,
1050 2854 1096 2896 in
1126 2854 1272 2896 maius
1302 2853 1493 2910 denique
1524 2854 1717 2896 dedecus
1746 2854 2074 2896 haereticorum
2169 2879 2174 2931 ὅ

383 2925 428 2962 et
449 2921 722 2964 daemonum
744 2923 1053 2966 confusionem
1076 2938 1409 2967 conversurum.
1436 2925 1496 2966 Et
1525 2925 1708 2980 quidem
1736 2924 1868 2966 huius
1895 2924 1957 2966 rei
1984 2938 2075 2967 non
2168 2934 2173 2962 ι

382 2991 508 3033 laeve
530 2991 661 3034 nobis
683 2994 878 3036 ostendit
903 3000 1237 3050 argumentum,
1263 2995 1373 3037 dum
1395 2994 1464 3037 bis
1486 2994 1576 3037 iam
1598 3009 1680 3037 sua
1702 2995 1856 3037 divina
1878 2995 2071 3045 bonitas,
2165 2963 2172 3111 Ι

382 3061 600 3104 inusitato
628 3064 826 3118 quodam
855 3065 1004 3114 modo,
1035 3080 1126 3108 non
1153 3070 1250 3108 tam
1279 3066 1333 3107 de
1361 3070 1454 3114 tuo,
1487 3080 1627 3121 quam
1655 3066 1709 3107 de
1738 3065 2124 3112 Sacratissimaew
2165 3090 2188 3148 Ι.

2164 3150 2188 3261 3³

382 3132 557 3175 Triadis
597 3133 856 3177 adversario
900 3136 1024 3178 Tuae
1070 3136 1188 3178 Illmae
1235 3135 1547 3179 Dominationi
1591 3136 1811 3179 celebrem
1855 3136 2074 3179 concessit
